@ARTICLE{abbott_etal_2018,
       author = {{Abbott}, B.~P. and {Abbott}, R. and {Abbott}, T.~D. and {Abernathy}, M.~R. and {Acernese}, F. and {Ackley}, K. and {Adams}, C.},
        title = "{Prospects for observing and localizing gravitational-wave transients with Advanced LIGO, Advanced Virgo and KAGRA}",
      journal = {LRR},
     keywords = {Gravitational waves, Gravitational-wave detectors, Electromagnetic counterparts, Data analysis, General Relativity and Quantum Cosmology, Astrophysics - High Energy Astrophysical Phenomena},
         year = 2018,
        month = apr,
       volume = {21},
       number = {1},
          eid = {3},
        pages = {3},
          doi = {10.1007/s41114-018-0012-9},
archivePrefix = {arXiv},
       eprint = {1304.0670},
 primaryClass = {gr-qc},
       adsurl = {https://ui.adsabs.harvard.edu/abs/2018LRR....21....3A},
      adsnote = {Provided by the SAO/NASA Astrophysics Data System}
}

@INPROCEEDINGS{bundy_etal_2019,
       author = {{Bundy}, Kevin and {Westfall}, K. and {MacDonald}, N. and {Kupke}, R. and {Savage}, M. and {Poppett}, C. and {Alabi}, A. and {Becker}, G. and {Burchett}, J. and {Capak}, P. and {Coil}, A. and {Cooper}, M. and {Cowley}, D. and {Deich}, W. and {Dillon}, D. and {Edelstein}, J. and {Guhathakurta}, P. and {Hennawi}, J. and {Kassis}, M. and {Lee}, K. -G. and {Masters}, D. and {Miller}, T. and {Newman}, J. and {O'Meara}, J. and {Prochaska}, J.~X. and {Rau}, M. and {Rhodes}, J. and {Rich}, R.~M. and {Rockosi}, C. and {Romanowsky}, A. and {Schafer}, C. and {Schlegel}, D. and {Shapley}, A. and {Siana}, B. and {Ting}, Y. -S. and {Weisz}, D. and {White}, M. and {Williams}, B. and {Wilson}, G. and {Wilson}, M. and {Yan}, R.},
        title = "{FOBOS: A Next-Generation Spectroscopic Facility}",
     keywords = {Astrophysics - Instrumentation and Methods for Astrophysics},
    booktitle = {Bulletin of the American Astronomical Society},
         year = 2019,
       volume = {51},
        month = sep,
          eid = {198},
        pages = {198},
archivePrefix = {arXiv},
       eprint = {1907.07195},
 primaryClass = {astro-ph.IM},
       adsurl = {https://ui.adsabs.harvard.edu/abs/2019BAAS...51g.198B},
      adsnote = {Provided by the SAO/NASA Astrophysics Data System}
}


@ARTICLE{mesa6,
       author = {{Jermyn}, Adam S. and {Bauer}, Evan B. and {Schwab}, Josiah and {Farmer}, R. and {Ball}, Warrick H. and {Bellinger}, Earl P. and {Dotter}, Aaron and {Joyce}, Meridith and {Marchant}, Pablo and {Mombarg}, Joey S.~G. and {Wolf}, William M. and {Wong}, Tin Long Sunny and {Cinquegrana}, Giulia C. and {Farrell}, Eoin and {Smolec}, R. and {Thoul}, Anne and {Cantiello}, Matteo and {Herwig}, Falk and {Toloza}, Odette and {Bildsten}, Lars and {Townsend}, Richard H.~D. and {Timmes}, F.~X.},
        title = "{Modules for Experiments in Stellar Astrophysics (MESA): Time-Dependent Convection, Energy Conservation, Automatic Differentiation, and Infrastructure}",
     keywords = {Astrophysics - Solar and Stellar Astrophysics, Astrophysics - Earth and Planetary Astrophysics, Astrophysics - High Energy Astrophysical Phenomena, Astrophysics - Instrumentation and Methods for Astrophysics},
         year = 2022,
        month = aug,
          eid = {arXiv:2208.03651},
        pages = {arXiv:2208.03651},
archivePrefix = {arXiv},
       eprint = {2208.03651},
 primaryClass = {astro-ph.SR},
       adsurl = {https://ui.adsabs.harvard.edu/abs/2022arXiv220803651J},
      adsnote = {Provided by the SAO/NASA Astrophysics Data System}
}


@ARTICLE{miglio_etal_2017,
       author = {{Miglio}, A. and {Chiappini}, C. and {Mosser}, B. and {Davies}, G.~R. and {Freeman}, K. and {Girardi}, L. and {Jofr{\'e}}, P. and {Kawata}, D. and {Rendle}, B.~M. and {Valentini}, M. and {Casagrande}, L. and {Chaplin}, W.~J. and {Gilmore}, G. and {Hawkins}, K. and {Holl}, B. and {Appourchaux}, T. and {Belkacem}, K. and {Bossini}, D. and {Brogaard}, K. and {Goupil}, M. -J. and {Montalb{\'a}n}, J. and {Noels}, A. and {Anders}, F. and {Rodrigues}, T. and {Piotto}, G. and {Pollacco}, D. and {Rauer}, H. and {Allende Prieto}, C. and {Avelino}, P.~P. and {Babusiaux}, C. and {Barban}, C. and {Barbuy}, B. and {Basu}, S. and {Baudin}, F. and {Benomar}, O. and {Bienaym{\'e}}, O. and {Binney}, J. and {Bland-Hawthorn}, J. and {Bressan}, A. and {Cacciari}, C. and {Campante}, T.~L. and {Cassisi}, S. and {Christensen-Dalsgaard}, J. and {Combes}, F. and {Creevey}, O. and {Cunha}, M.~S. and {Jong}, R.~S. and {Laverny}, P. and {Degl'Innocenti}, S. and {Deheuvels}, S. and {Depagne}, {\'E}. and {Ridder}, J. and {Di Matteo}, P. and {Di Mauro}, M.~P. and {Dupret}, M. -A. and {Eggenberger}, P. and {Elsworth}, Y. and {Famaey}, B. and {Feltzing}, S. and {Garc{\'\i}a}, R.~A. and {Gerhard}, O. and {Gibson}, B.~K. and {Gizon}, L. and {Haywood}, M. and {Handberg}, R. and {Heiter}, U. and {Hekker}, S. and {Huber}, D. and {Ibata}, R. and {Katz}, D. and {Kawaler}, S.~D. and {Kjeldsen}, H. and {Kurtz}, D.~W. and {Lagarde}, N. and {Lebreton}, Y. and {Lund}, M.~N. and {Majewski}, S.~R. and {Marigo}, P. and {Martig}, M. and {Mathur}, S. and {Minchev}, I. and {Morel}, T. and {Ortolani}, S. and {Pinsonneault}, M.~H. and {Plez}, B. and {Prada Moroni}, P.~G. and {Pricopi}, D. and {Recio-Blanco}, A. and {Reyl{\'e}}, C. and {Robin}, A. and {Roxburgh}, I.~W. and {Salaris}, M. and {Santiago}, B.~X. and {Schiavon}, R. and {Serenelli}, A. and {Sharma}, S. and {Silva Aguirre}, V. and {Soubiran}, C. and {Steinmetz}, M. and {Stello}, D. and {Strassmeier}, K.~G. and {Ventura}, P. and {Ventura}, R. and {Walton}, N.~A. and {Worley}, C.~C.},
        title = "{PLATO as it is : A legacy mission for Galactic archaeology}",
      journal = {Astronomische Nachrichten},
     keywords = {Galaxy: structure, stars: abundances, stars: fundamental parameters, stars: oscillations, surveys, Astrophysics - Solar and Stellar Astrophysics, Astrophysics - Astrophysics of Galaxies},
         year = 2017,
        month = jul,
       volume = {338},
       number = {6},
        pages = {644-661},
          doi = {10.1002/asna.201713385},
archivePrefix = {arXiv},
       eprint = {1706.03778},
 primaryClass = {astro-ph.SR},
       adsurl = {https://ui.adsabs.harvard.edu/abs/2017AN....338..644M},
      adsnote = {Provided by the SAO/NASA Astrophysics Data System}
}

@ARTICLE{cunha_etal_2021,
       author = {{Cunha}, M.~S. and {Roxburgh}, I.~W. and {Aguirre B{\o}rsen-Koch}, V. and {Ball}, W.~H. and {Basu}, S. and {Chaplin}, W.~J. and {Goupil}, M. -J. and {Nsamba}, B. and {Ong}, J. and {Reese}, D.~R. and {Verma}, K. and {Belkacem}, K. and {Campante}, T. and {Christensen-Dalsgaard}, J. and {Clara}, M.~T. and {Deheuvels}, S. and {Monteiro}, M.~J.~P.~F.~G. and {Noll}, A. and {Ouazzani}, R.~M. and {R{\o}rsted}, J.~L. and {Stokholm}, A. and {Winther}, M.~L.},
        title = "{PLATO hare-and-hounds exercise: asteroseismic model fitting of main-sequence solar-like pulsators}",
      journal = {\mnras},
     keywords = {asteroseismology, methods: statistical, stars: evolution, stars: fundamental parameters, stars: oscillations, Astrophysics - Solar and Stellar Astrophysics},
         year = 2021,
        month = dec,
       volume = {508},
       number = {4},
        pages = {5864-5885},
          doi = {10.1093/mnras/stab2886},
archivePrefix = {arXiv},
       eprint = {2110.03332},
 primaryClass = {astro-ph.SR},
       adsurl = {https://ui.adsabs.harvard.edu/abs/2021MNRAS.508.5864C},
      adsnote = {Provided by the SAO/NASA Astrophysics Data System}
}



@ARTICLE{nascimbeni_etal_2022,
       author = {{Nascimbeni}, V. and {Piotto}, G. and {B{\"o}rner}, A. and {Montalto}, M. and {Marrese}, P.~M. and {Cabrera}, J. and {Marinoni}, S. and {Aerts}, C. and {Altavilla}, G. and {Benatti}, S. and {Claudi}, R. and {Deleuil}, M. and {Desidera}, S. and {Fabrizio}, M. and {Gizon}, L. and {Goupil}, M.~J. and {Granata}, V. and {Heras}, A.~M. and {Magrin}, D. and {Malavolta}, L. and {Mas-Hesse}, J.~M. and {Ortolani}, S. and {Pagano}, I. and {Pollacco}, D. and {Prisinzano}, L. and {Ragazzoni}, R. and {Ramsay}, G. and {Rauer}, H. and {Udry}, S.},
        title = "{The PLATO field selection process. I. Identification and content of the long-pointing fields}",
      journal = {\aap},
     keywords = {catalogs, astronomical databases: miscellaneous, techniques: photometric, planetary systems, planets and satellites: detection, stars: fundamental parameters, Astrophysics - Earth and Planetary Astrophysics, Astrophysics - Instrumentation and Methods for Astrophysics, Astrophysics - Solar and Stellar Astrophysics},
         year = 2022,
        month = feb,
       volume = {658},
          eid = {A31},
        pages = {A31},
          doi = {10.1051/0004-6361/202142256},
archivePrefix = {arXiv},
       eprint = {2110.13924},
 primaryClass = {astro-ph.EP},
       adsurl = {https://ui.adsabs.harvard.edu/abs/2022A&A...658A..31N},
      adsnote = {Provided by the SAO/NASA Astrophysics Data System}
}


@ARTICLE{montalto_etal_2021,
       author = {{Montalto}, M. and {Piotto}, G. and {Marrese}, P.~M. and {Nascimbeni}, V. and {Prisinzano}, L. and {Granata}, V. and {Marinoni}, S. and {Desidera}, S. and {Ortolani}, S. and {Aerts}, C. and {Alei}, E. and {Altavilla}, G. and {Benatti}, S. and {B{\"o}rner}, A. and {Cabrera}, J. and {Claudi}, R. and {Deleuil}, M. and {Fabrizio}, M. and {Gizon}, L. and {Goupil}, M.~J. and {Heras}, A.~M. and {Magrin}, D. and {Malavolta}, L. and {Mas-Hesse}, J.~M. and {Pagano}, I. and {Paproth}, C. and {Pertenais}, M. and {Pollacco}, D. and {Ragazzoni}, R. and {Ramsay}, G. and {Rauer}, H. and {Udry}, S.},
        title = "{The all-sky PLATO input catalogue}",
      journal = {\aap},
     keywords = {catalogs, astrometry, techniques: photometric, planets and satellites: terrestrial planets, stars: fundamental parameters, ISM: structure, Astrophysics - Earth and Planetary Astrophysics, Astrophysics - Solar and Stellar Astrophysics},
         year = 2021,
        month = sep,
       volume = {653},
          eid = {A98},
        pages = {A98},
          doi = {10.1051/0004-6361/202140717},
archivePrefix = {arXiv},
       eprint = {2108.13712},
 primaryClass = {astro-ph.EP},
       adsurl = {https://ui.adsabs.harvard.edu/abs/2021A&A...653A..98M},
      adsnote = {Provided by the SAO/NASA Astrophysics Data System}
}


@ARTICLE{crass_etal_2021,
       author = {{Crass}, Jonathan and {Gaudi}, B. Scott and {Leifer}, Stephanie and {Beichman}, Charles and {Bender}, Chad and {Blackwood}, Gary and {Burt}, Jennifer A. and {Callas}, John L. and {Cegla}, Heather M. and {Diddams}, Scott A. and {Dumusque}, Xavier and {Eastman}, Jason D. and {Ford}, Eric B. and {Fulton}, Benjamin and {Gibson}, Rose and {Halverson}, Samuel and {Haywood}, Rapha{\"e}lle D. and {Hearty}, Fred and {Howard}, Andrew W. and {Latham}, David W. and {L{\"o}hner-B{\"o}ttcher}, Johannes and {Mamajek}, Eric E. and {Mortier}, Annelies and {Newman}, Patrick and {Plavchan}, Peter and {Quirrenbach}, Andreas and {Reiners}, Ansgar and {Robertson}, Paul and {Roy}, Arpita and {Schwab}, Christian and {Seifahrt}, Andres and {Szentgyorgyi}, Andy and {Terrien}, Ryan and {Teske}, Johanna K. and {Thompson}, Samantha and {Vasisht}, Gautam},
        title = "{Extreme Precision Radial Velocity Working Group Final Report}",
     keywords = {Astrophysics - Instrumentation and Methods for Astrophysics, Astrophysics - Earth and Planetary Astrophysics},
         year = 2021,
        month = jul,
          eid = {arXiv:2107.14291},
        pages = {arXiv:2107.14291},
archivePrefix = {arXiv},
       eprint = {2107.14291},
 primaryClass = {astro-ph.IM},
       adsurl = {https://ui.adsabs.harvard.edu/abs/2021arXiv210714291C},
      adsnote = {Provided by the SAO/NASA Astrophysics Data System}
}


@INPROCEEDINGS{pepe_etal_2010,
       author = {{Pepe}, Francesco A. and {Cristiani}, Stefano and {Rebolo Lopez}, Rafael and {Santos}, Nuno C. and {Amorim}, Antonio and {Avila}, Gerardo and {Benz}, Willy and {Bonifacio}, Piercarlo and {Cabral}, Alexandre and {Carvas}, Pedro and {Cirami}, Roberto and {Coelho}, Jo{\~a}o and {Comari}, Maurizio and {Coretti}, Igor and {De Caprio}, Vincenzo and {Dekker}, Hans and {Delabre}, Bernard and {Di Marcantonio}, Paolo and {D'Odorico}, Valentina and {Fleury}, Michel and {Garc{\'\i}a}, Ram{\'o}n and {Herreros Linares}, Jos{\'e} Miguel and {Hughes}, Ian and {Iwert}, Olaf and {Lima}, Jorge and {Lizon}, Jean-Louis and {Lo Curto}, Gaspare and {Lovis}, Christophe and {Manescau}, Antonio and {Martins}, Carlos and {M{\'e}gevand}, Denis and {Moitinho}, Andr{\'e} and {Molaro}, Paolo and {Monteiro}, Mario and {Monteiro}, Manuel and {Pasquini}, Luca and {Mordasini}, Christoph and {Queloz}, Didier and {Rasilla}, Jos{\'e} L. and {Rebord{\~a}o}, Jos{\'e} M. and {Santana Tschudi}, Samuel and {Santin}, Paolo and {Sosnowska}, Danuta and {Span{\`o}}, Paolo and {Tenegi}, Fabio and {Udry}, St{\'e}phane and {Vanzella}, Eros and {Viel}, Matteo and {Zapatero Osorio}, Maria Rosa and {Zerbi}, Filippo},
        title = "{ESPRESSO: the Echelle spectrograph for rocky exoplanets and stable spectroscopic observations}",
    booktitle = {Ground-based and Airborne Instrumentation for Astronomy III},
         year = 2010,
       editor = {{McLean}, Ian S. and {Ramsay}, Suzanne K. and {Takami}, Hideki},
       series = {Society of Photo-Optical Instrumentation Engineers (SPIE) Conference Series},
       volume = {7735},
        month = jul,
          eid = {77350F},
        pages = {77350F},
          doi = {10.1117/12.857122},
       adsurl = {https://ui.adsabs.harvard.edu/abs/2010SPIE.7735E..0FP},
      adsnote = {Provided by the SAO/NASA Astrophysics Data System}
}

@INPROCEEDINGS{jurgenson_etal_2016,
       author = {{Jurgenson}, C. and {Fischer}, D. and {McCracken}, T. and {Sawyer}, D. and {Szymkowiak}, A. and {Davis}, A. and {Muller}, G. and {Santoro}, F.},
        title = "{EXPRES: a next generation RV spectrograph in the search for earth-like worlds}",
     keywords = {Astrophysics - Instrumentation and Methods for Astrophysics},
    booktitle = {Ground-based and Airborne Instrumentation for Astronomy VI},
         year = 2016,
       editor = {{Evans}, Christopher J. and {Simard}, Luc and {Takami}, Hideki},
       series = {Society of Photo-Optical Instrumentation Engineers (SPIE) Conference Series},
       volume = {9908},
        month = aug,
          eid = {99086T},
        pages = {99086T},
          doi = {10.1117/12.2233002},
archivePrefix = {arXiv},
       eprint = {1606.04413},
 primaryClass = {astro-ph.IM},
       adsurl = {https://ui.adsabs.harvard.edu/abs/2016SPIE.9908E..6TJ},
      adsnote = {Provided by the SAO/NASA Astrophysics Data System}
}


@INPROCEEDINGS{seifahrt_etal_2018,
       author = {{Seifahrt}, Andreas and {St{\"u}rmer}, Julian and {Bean}, Jacob L. and {Schwab}, Christian},
        title = "{MAROON-X: a radial velocity spectrograph for the Gemini Observatory}",
     keywords = {Astrophysics - Instrumentation and Methods for Astrophysics, Astrophysics - Earth and Planetary Astrophysics},
    booktitle = {Ground-based and Airborne Instrumentation for Astronomy VII},
         year = 2018,
       editor = {{Evans}, Christopher J. and {Simard}, Luc and {Takami}, Hideki},
       series = {Society of Photo-Optical Instrumentation Engineers (SPIE) Conference Series},
       volume = {10702},
        month = jul,
          eid = {107026D},
        pages = {107026D},
          doi = {10.1117/12.2312936},
archivePrefix = {arXiv},
       eprint = {1805.09276},
 primaryClass = {astro-ph.IM},
       adsurl = {https://ui.adsabs.harvard.edu/abs/2018SPIE10702E..6DS},
      adsnote = {Provided by the SAO/NASA Astrophysics Data System}
}


@INPROCEEDINGS{schwab_etal_2016,
       author = {{Schwab}, C. and {Rakich}, A. and {Gong}, Q. and {Mahadevan}, S. and {Halverson}, S.~P. and {Roy}, A. and {Terrien}, R.~C. and {Robertson}, P.~M. and {Hearty}, F.~R. and {Levi}, E.~I. and {Monson}, A.~J. and {Wright}, J.~T. and {McElwain}, M.~W. and {Bender}, C.~F. and {Blake}, C.~H. and {St{\"u}rmer}, J. and {Gurevich}, Y.~V. and {Chakraborty}, A. and {Ramsey}, L.~W.},
        title = "{Design of NEID, an extreme precision Doppler spectrograph for WIYN}",
    booktitle = {Ground-based and Airborne Instrumentation for Astronomy VI},
         year = 2016,
       editor = {{Evans}, Christopher J. and {Simard}, Luc and {Takami}, Hideki},
       series = {Society of Photo-Optical Instrumentation Engineers (SPIE) Conference Series},
       volume = {9908},
        month = aug,
          eid = {99087H},
        pages = {99087H},
          doi = {10.1117/12.2234411},
       adsurl = {https://ui.adsabs.harvard.edu/abs/2016SPIE.9908E..7HS},
      adsnote = {Provided by the SAO/NASA Astrophysics Data System}
}

@INPROCEEDINGS{ricker_etal_2016,
       author = {{Ricker}, G.~R. and {Vanderspek}, R. and {Winn}, J. and {Seager}, S. and {Berta-Thompson}, Z. and {Levine}, A. and {Villasenor}, J. and {Latham}, D. and {Charbonneau}, D. and {Holman}, M. and {Johnson}, J. and {Sasselov}, D. and {Szentgyorgyi}, A. and {Torres}, G. and {Bakos}, G. and {Brown}, T. and {Christensen-Dalsgaard}, J. and {Kjeldsen}, H. and {Clampin}, M. and {Rinehart}, S. and {Deming}, D. and {Doty}, J. and {Dunham}, E. and {Ida}, S. and {Kawai}, N. and {Sato}, B. and {Jenkins}, J. and {Lissauer}, J. and {Jernigan}, G. and {Kaltenegger}, L. and {Laughlin}, G. and {Lin}, D. and {McCullough}, P. and {Narita}, N. and {Pepper}, J. and {Stassun}, K. and {Udry}, S.},
        title = "{The Transiting Exoplanet Survey Satellite}",
    booktitle = {},
         year = 2016,
       series = {SPIE},
       volume = {9904},
        month = jul,
          doi = {10.1117/12.2232071},
       adsurl = {https://ui.adsabs.harvard.edu/abs/2016SPIE.9904E..2BR},
      adsnote = {Provided by the SAO/NASA Astrophysics Data System}
}



@ARTICLE{huang_etal_2020,
       author = {{Huang}, Chelsea X. and {Vanderburg}, Andrew and {P{\'a}l}, Andras and {Sha}, Lizhou and {Yu}, Liang and {Fong}, Willie and {Fausnaugh}, Michael and {Shporer}, Avi and {Guerrero}, Natalia and {Vanderspek}, Roland and {Ricker}, George},
        title = "{Photometry of 10 Million Stars from the First Two Years of TESS Full Frame Images: Part I}",
      journal = {RNAAS},
     keywords = {Space observatories, Astronomy data analysis, 1543, 1858, Astrophysics - Earth and Planetary Astrophysics, Astrophysics - Instrumentation and Methods for Astrophysics, Astrophysics - Solar and Stellar Astrophysics},
         year = 2020,
        month = nov,
       volume = {4},
       number = {11},
          eid = {204},
        pages = {204},
          doi = {10.3847/2515-5172/abca2e},
archivePrefix = {arXiv},
       eprint = {2011.06459},
 primaryClass = {astro-ph.EP},
       adsurl = {https://ui.adsabs.harvard.edu/abs/2020RNAAS...4..204H},
      adsnote = {Provided by the SAO/NASA Astrophysics Data System}
}


@ARTICLE{stello_etal_2022,
       author = {{Stello}, Dennis and {Saunders}, Nicholas and {Grunblatt}, Sam and {Hon}, Marc and {Reyes}, Claudia and {Huber}, Daniel and {Bedding}, Timothy R. and {Elsworth}, Yvonne and {Garc{\'\i}a}, Rafael A. and {Hekker}, Saskia and {Kallinger}, Thomas and {Mathur}, Savita and {Mosser}, Benoit and {Pinsonneault}, Marc H.},
        title = "{TESS asteroseismology of the Kepler red giants}",
      journal = {\mnras},
     keywords = {stars: fundamental parameters, stars: interiors, stars: oscillations, Astrophysics - Solar and Stellar Astrophysics},
         year = 2022,
        month = may,
       volume = {512},
       number = {2},
        pages = {1677-1686},
          doi = {10.1093/mnras/stac414},
archivePrefix = {arXiv},
       eprint = {2107.05831},
 primaryClass = {astro-ph.SR},
       adsurl = {https://ui.adsabs.harvard.edu/abs/2022MNRAS.512.1677S},
      adsnote = {Provided by the SAO/NASA Astrophysics Data System}
}


@ARTICLE{korol_etal_2017,
       author = {{Korol}, Valeriya and {Rossi}, Elena M. and {Groot}, Paul J. and {Nelemans}, Gijs and {Toonen}, Silvia and {Brown}, Anthony G.~A.},
        title = "{Prospects for detection of detached double white dwarf binaries with Gaia, LSST and LISA}",
      journal = {\mnras},
     keywords = {gravitational waves, binaries: close, binaries: eclipsing - white dwarfs, Astrophysics - High Energy Astrophysical Phenomena},
         year = 2017,
        month = sep,
       volume = {470},
       number = {2},
        pages = {1894-1910},
          doi = {10.1093/mnras/stx1285},
archivePrefix = {arXiv},
       eprint = {1703.02555},
 primaryClass = {astro-ph.HE},
       adsurl = {https://ui.adsabs.harvard.edu/abs/2017MNRAS.470.1894K},
      adsnote = {Provided by the SAO/NASA Astrophysics Data System}
}

@INPROCEEDINGS{cornish_robson_2017,
       author = {{Cornish}, Neil and {Robson}, Travis},
        title = "{Galactic binary science with the new LISA design}",
     keywords = {Astrophysics - Instrumentation and Methods for Astrophysics, General Relativity and Quantum Cosmology},
    booktitle = {JPCS},
         year = 2017,
       volume = {840},
        month = may,
          doi = {10.1088/1742-6596/840/1/012024},
archivePrefix = {arXiv},
       eprint = {1703.09858},
 primaryClass = {astro-ph.IM},
       adsurl = {https://ui.adsabs.harvard.edu/abs/2017JPhCS.840a2024C},
      adsnote = {Provided by the SAO/NASA Astrophysics Data System}
}


@ARTICLE{robson_etal_2019,
       author = {{Robson}, Travis and {Cornish}, Neil J. and {Liu}, Chang},
        title = "{The construction and use of LISA sensitivity curves}",
      journal = {CQG},
     keywords = {Astrophysics - High Energy Astrophysical Phenomena, General Relativity and Quantum Cosmology},
         year = 2019,
        month = may,
       volume = {36},
       number = {10},
          eid = {105011},
        pages = {105011},
          doi = {10.1088/1361-6382/ab1101},
archivePrefix = {arXiv},
       eprint = {1803.01944},
 primaryClass = {astro-ph.HE},
       adsurl = {https://ui.adsabs.harvard.edu/abs/2019CQGra..36j5011R},
      adsnote = {Provided by the SAO/NASA Astrophysics Data System}
}


@ARTICLE{reiners_2018,
       author = {{Reiners}, A. and {Zechmeister}, M. and {Caballero}, J.~A. and {Ribas}, I. and {Morales}, J.~C. and {Jeffers}, S.~V. and {Sch{\"o}fer}, P. and {Tal-Or}, L. and {Quirrenbach}, A. and {Amado}, P.~J. and {Kaminski}, A. and {Seifert}, W. and {Abril}, M. and {Aceituno}, J. and {Alonso-Floriano}, F.~J. and {Ammler-von Eiff}, M. and {Antona}, R. and {Anglada-Escud{\'e}}, G. and {Anwand-Heerwart}, H. and {Arroyo-Torres}, B. and {Azzaro}, M. and {Baroch}, D. and {Barrado}, D. and {Bauer}, F.~F. and {Becerril}, S. and {B{\'e}jar}, V.~J.~S. and {Ben{\'\i}tez}, D. and {Berdinas}, Z.~M. and {Bergond}, G. and {Bl{\"u}mcke}, M. and {Brinkm{\"o}ller}, M. and {del Burgo}, C. and {Cano}, J. and {C{\'a}rdenas V{\'a}zquez}, M.~C. and {Casal}, E. and {Cifuentes}, C. and {Claret}, A. and {Colom{\'e}}, J. and {Cort{\'e}s-Contreras}, M. and {Czesla}, S. and {D{\'\i}ez-Alonso}, E. and {Dreizler}, S. and {Feiz}, C. and {Fern{\'a}ndez}, M. and {Ferro}, I.~M. and {Fuhrmeister}, B. and {Galad{\'\i}-Enr{\'\i}quez}, D. and {Garcia-Piquer}, A. and {Garc{\'\i}a Vargas}, M.~L. and {Gesa}, L. and {G{\'o}mez Galera}, V. and {Gonz{\'a}lez Hern{\'a}ndez}, J.~I. and {Gonz{\'a}lez-Peinado}, R. and {Gr{\"o}zinger}, U. and {Grohnert}, S. and {Gu{\`a}rdia}, J. and {Guenther}, E.~W. and {Guijarro}, A. and {de Guindos}, E. and {Guti{\'e}rrez-Soto}, J. and {Hagen}, H. -J. and {Hatzes}, A.~P. and {Hauschildt}, P.~H. and {Hedrosa}, R.~P. and {Helmling}, J. and {Henning}, Th. and {Hermelo}, I. and {Hern{\'a}ndez Arab{\'\i}}, R. and {Hern{\'a}ndez Casta{\~n}o}, L. and {Hern{\'a}ndez Hernando}, F. and {Herrero}, E. and {Huber}, A. and {Huke}, P. and {Johnson}, E.~N. and {de Juan}, E. and {Kim}, M. and {Klein}, R. and {Kl{\"u}ter}, J. and {Klutsch}, A. and {K{\"u}rster}, M. and {Lafarga}, M. and {Lamert}, A. and {Lamp{\'o}n}, M. and {Lara}, L.~M. and {Laun}, W. and {Lemke}, U. and {Lenzen}, R. and {Launhardt}, R. and {L{\'o}pez del Fresno}, M. and {L{\'o}pez-Gonz{\'a}lez}, J. and {L{\'o}pez-Puertas}, M. and {L{\'o}pez Salas}, J.~F. and {L{\'o}pez-Santiago}, J. and {Luque}, R. and {Mag{\'a}n Madinabeitia}, H. and {Mall}, U. and {Mancini}, L. and {Mandel}, H. and {Marfil}, E. and {Mar{\'\i}n Molina}, J.~A. and {Maroto Fern{\'a}ndez}, D. and {Mart{\'\i}n}, E.~L. and {Mart{\'\i}n-Ruiz}, S. and {Marvin}, C.~J. and {Mathar}, R.~J. and {Mirabet}, E. and {Montes}, D. and {Moreno-Raya}, M.~E. and {Moya}, A. and {Mundt}, R. and {Nagel}, E. and {Naranjo}, V. and {Nortmann}, L. and {Nowak}, G. and {Ofir}, A. and {Oreiro}, R. and {Pall{\'e}}, E. and {Panduro}, J. and {Pascual}, J. and {Passegger}, V.~M. and {Pavlov}, A. and {Pedraz}, S. and {P{\'e}rez-Calpena}, A. and {P{\'e}rez Medialdea}, D. and {Perger}, M. and {Perryman}, M.~A.~C. and {Pluto}, M. and {Rabaza}, O. and {Ram{\'o}n}, A. and {Rebolo}, R. and {Redondo}, P. and {Reffert}, S. and {Reinhart}, S. and {Rhode}, P. and {Rix}, H. -W. and {Rodler}, F. and {Rodr{\'\i}guez}, E. and {Rodr{\'\i}guez-L{\'o}pez}, C. and {Rodr{\'\i}guez Trinidad}, A. and {Rohloff}, R. -R. and {Rosich}, A. and {Sadegi}, S. and {S{\'a}nchez-Blanco}, E. and {S{\'a}nchez Carrasco}, M.~A. and {S{\'a}nchez-L{\'o}pez}, A. and {Sanz-Forcada}, J. and {Sarkis}, P. and {Sarmiento}, L.~F. and {Sch{\"a}fer}, S. and {Schmitt}, J.~H.~M.~M. and {Schiller}, J. and {Schweitzer}, A. and {Solano}, E. and {Stahl}, O. and {Strachan}, J.~B.~P. and {St{\"u}rmer}, J. and {Su{\'a}rez}, J.~C. and {Tabernero}, H.~M. and {Tala}, M. and {Trifonov}, T. and {Tulloch}, S.~M. and {Ulbrich}, R.~G. and {Veredas}, G. and {Vico Linares}, J.~I. and {Vilardell}, F. and {Wagner}, K. and {Winkler}, J. and {Wolthoff}, V. and {Xu}, W. and {Yan}, F. and {Zapatero Osorio}, M.~R.},
        title = "{The CARMENES search for exoplanets around M dwarfs. High-resolution optical and near-infrared spectroscopy of 324 survey stars}",
      journal = {\aap},
     keywords = {atlases, catalogs, stars: rotation, stars: late-type, stars: low-mass, infrared: stars, Astrophysics - Solar and Stellar Astrophysics, Astrophysics - Earth and Planetary Astrophysics},
         year = 2018,
        month = apr,
       volume = {612},
          eid = {A49},
        pages = {A49},
          doi = {10.1051/0004-6361/201732054},
archivePrefix = {arXiv},
       eprint = {1711.06576},
 primaryClass = {astro-ph.SR},
       adsurl = {https://ui.adsabs.harvard.edu/abs/2018A&A...612A..49R},
      adsnote = {Provided by the SAO/NASA Astrophysics Data System}
}



@ARTICLE{zanella_etal_2022,
       author = {{Zanella}, A. and {Harrison}, C.~M. and {Lenzi}, S. and {Cooke}, J. and {Damsma}, P. and {Fleming}, S.~W.},
        title = "{Sonification and Sound Design for Astronomy Research, Education and Public Engagement}",
     keywords = {Astrophysics - Instrumentation and Methods for Astrophysics, Physics - Physics Education, Physics - Physics and Society},
         year = 2022,
        month = jun,
          eid = {arXiv:2206.13536},
        pages = {arXiv:2206.13536},
archivePrefix = {arXiv},
       eprint = {2206.13536},
 primaryClass = {astro-ph.IM},
       adsurl = {https://ui.adsabs.harvard.edu/abs/2022arXiv220613536Z},
      adsnote = {Provided by the SAO/NASA Astrophysics Data System}
}



@ARTICLE{michielsen_etal_2019,
       author = {{Michielsen}, M. and {Pedersen}, M.~G. and {Augustson}, K.~C. and {Mathis}, S. and {Aerts}, C.},
        title = "{Probing the shape of the mixing profile and of the thermal structure at the convective core boundary through asteroseismology}",
      journal = {\aap},
     keywords = {asteroseismology, convection, stars: oscillations, stars: interiors, stars: massive, techniques: photometric, Astrophysics - Solar and Stellar Astrophysics, Astrophysics - Astrophysics of Galaxies},
         year = 2019,
        month = aug,
       volume = {628},
          eid = {A76},
        pages = {A76},
          doi = {10.1051/0004-6361/201935754},
archivePrefix = {arXiv},
       eprint = {1906.05304},
 primaryClass = {astro-ph.SR},
       adsurl = {https://ui.adsabs.harvard.edu/abs/2019A&A...628A..76M},
      adsnote = {Provided by the SAO/NASA Astrophysics Data System}
}



@ARTICLE{pedersen_etal_2021,
       author = {{Pedersen}, May G. and {Aerts}, Conny and {P{\'a}pics}, P{\'e}ter I. and {Michielsen}, Mathias and {Gebruers}, Sarah and {Rogers}, Tamara M. and {Molenberghs}, Geert and {Burssens}, Siemen and {Garcia}, Stefano and {Bowman}, Dominic M.},
        title = "{Internal mixing of rotating stars inferred from dipole gravity modes}",
      journal = {Nat.~A.},
     keywords = {Astrophysics - Solar and Stellar Astrophysics},
         year = 2021,
        month = jan,
       volume = {5},
        pages = {715-722},
          doi = {10.1038/s41550-021-01351-x},
archivePrefix = {arXiv},
       eprint = {2105.04533},
 primaryClass = {astro-ph.SR},
       adsurl = {https://ui.adsabs.harvard.edu/abs/2021NatAs...5..715P},
      adsnote = {Provided by the SAO/NASA Astrophysics Data System}
}

@ARTICLE{pinsonneault_1997,
       author = {{Pinsonneault}, M.},
        title = "{Mixing in Stars}",
      journal = {\araa},
         year = 1997,
        month = jan,
       volume = {35},
        pages = {557-605},
          doi = {10.1146/annurev.astro.35.1.557},
       adsurl = {https://ui.adsabs.harvard.edu/abs/1997ARA&A..35..557P},
      adsnote = {Provided by the SAO/NASA Astrophysics Data System}
}

@ARTICLE{binks_etal_2022,
       author = {{Binks}, A.~S. and {Jeffries}, R.~D. and {Sacco}, G.~G. and {Jackson}, R.~J. and {Cao}, L. and {Bayo}, A. and {Bergemann}, M. and {Bonito}, R. and {Gilmore}, G. and {Gonneau}, A. and {Jimin{\'e}z-Esteban}, F. and {Morbidelli}, L. and {Randich}, S. and {Roccatagliata}, V. and {Smiljanic}, R. and {Zaggia}, S.},
        title = "{The Gaia-ESO survey: constraining evolutionary models and ages for young low mass stars with measurements of lithium depletion and rotation}",
      journal = {\mnras},
     keywords = {stars: kinematics and dynamics, stars: late-type, stars: pre-main-sequence, (Galaxy:) solar neighbourhood, Astrophysics - Solar and Stellar Astrophysics, Astrophysics - Earth and Planetary Astrophysics, Astrophysics - Astrophysics of Galaxies},
         year = 2022,
        month = jul,
       volume = {513},
       number = {4},
        pages = {5727-5751},
          doi = {10.1093/mnras/stac1245},
archivePrefix = {arXiv},
       eprint = {2204.05820},
 primaryClass = {astro-ph.SR},
       adsurl = {https://ui.adsabs.harvard.edu/abs/2022MNRAS.513.5727B},
      adsnote = {Provided by the SAO/NASA Astrophysics Data System}
}





@ARTICLE{reiners_etal_2022,
       author = {{Reiners}, A. and {Shulyak}, D. and {K{\"a}pyl{\"a}}, P.~J. and {Ribas}, I. and {Nagel}, E. and {Zechmeister}, M. and {Caballero}, J.~A. and {Shan}, Y. and {Fuhrmeister}, B. and {Quirrenbach}, A. and {Amado}, P.~J. and {Montes}, D. and {Jeffers}, S.~V. and {Azzaro}, M. and {B{\'e}jar}, V.~J.~S. and {Chaturvedi}, P. and {Henning}, Th. and {K{\"u}rster}, M. and {Pall{\'e}}, E.},
        title = "{Magnetism, rotation, and nonthermal emission in cool stars. Average magnetic field measurements in 292 M dwarfs}",
      journal = {\aap},
     keywords = {dynamo, magnetic fields, stars: activity, stars: magnetic field, stars: rotation, Astrophysics - Solar and Stellar Astrophysics},
         year = 2022,
        month = jun,
       volume = {662},
          eid = {A41},
        pages = {A41},
          doi = {10.1051/0004-6361/202243251},
archivePrefix = {arXiv},
       eprint = {2204.00342},
 primaryClass = {astro-ph.SR},
       adsurl = {https://ui.adsabs.harvard.edu/abs/2022A&A...662A..41R},
      adsnote = {Provided by the SAO/NASA Astrophysics Data System}
}

@ARTICLE{feiden_2016,
       author = {{Feiden}, Gregory A.},
        title = "{Magnetic inhibition of convection and the fundamental properties of low-mass stars. III. A consistent 10 Myr age for the Upper Scorpius OB association}",
      journal = {\aap},
     keywords = {binaries: eclipsing, stars: evolution, stars: low-mass, stars: magnetic field, stars: pre-main sequence, open clusters and associations: individual: Upper Scorpius, Astrophysics - Solar and Stellar Astrophysics},
         year = 2016,
        month = sep,
       volume = {593},
          eid = {A99},
        pages = {A99},
          doi = {10.1051/0004-6361/201527613},
archivePrefix = {arXiv},
       eprint = {1604.08036},
 primaryClass = {astro-ph.SR},
       adsurl = {https://ui.adsabs.harvard.edu/abs/2016A&A...593A..99F},
      adsnote = {Provided by the SAO/NASA Astrophysics Data System}
}

@ARTICLE{liebing_etal_2021,
       author = {{Liebing}, F. and {Jeffers}, S.~V. and {Reiners}, A. and {Zechmeister}, M.},
        title = "{Convective blueshift strengths of 810 F to M solar-type stars}",
      journal = {\aap},
     keywords = {convection, techniques: radial velocities, Sun: granulation, stars: activity, Astrophysics - Solar and Stellar Astrophysics},
         year = 2021,
        month = oct,
       volume = {654},
          eid = {A168},
        pages = {A168},
          doi = {10.1051/0004-6361/202039607},
archivePrefix = {arXiv},
       eprint = {2108.03859},
 primaryClass = {astro-ph.SR},
       adsurl = {https://ui.adsabs.harvard.edu/abs/2021A&A...654A.168L},
      adsnote = {Provided by the SAO/NASA Astrophysics Data System}
}



@ARTICLE{li_etal_2022,
       author = {{Li}, Gang and {Deheuvels}, S{\'e}bastien and {Ballot}, J{\'e}r{\^o}me and {Ligni{\`e}res}, Fran{\c{c}}ois},
        title = "{30 to 100-kG magnetic fields in the cores of red giant stars}",
     keywords = {Astrophysics - Solar and Stellar Astrophysics},
         year = 2022,
        month = aug,
          eid = {arXiv:2208.09487},
        pages = {arXiv:2208.09487},
archivePrefix = {arXiv},
       eprint = {2208.09487},
 primaryClass = {astro-ph.SR},
       adsurl = {https://ui.adsabs.harvard.edu/abs/2022arXiv220809487L},
      adsnote = {Provided by the SAO/NASA Astrophysics Data System}
}


@ARTICLE{henry_etal_2006,
       author = {{Henry}, Todd J. and {Jao}, Wei-Chun and {Subasavage}, John P. and {Beaulieu}, Thomas D. and {Ianna}, Philip A. and {Costa}, Edgardo and {M{\'e}ndez}, Ren{\'e} A.},
        title = "{The Solar Neighborhood. XVII. Parallax Results from the CTIOPI 0.9 m Program: 20 New Members of the RECONS 10 Parsec Sample}",
      journal = {\aj},
     keywords = {Astrometry, Galaxy: Solar Neighborhood, Stars: Distances, Stars: Low-Mass, Brown Dwarfs, Stars: Statistics, Surveys, Astrophysics},
         year = 2006,
        month = dec,
       volume = {132},
       number = {6},
        pages = {2360-2371},
          doi = {10.1086/508233},
archivePrefix = {arXiv},
       eprint = {astro-ph/0608230},
 primaryClass = {astro-ph},
       adsurl = {https://ui.adsabs.harvard.edu/abs/2006AJ....132.2360H},
      adsnote = {Provided by the SAO/NASA Astrophysics Data System}
}

@ARTICLE{anders_etal_2018,
       author = {{Anders}, Evan H. and {Brown}, Benjamin P. and {Oishi}, Jeffrey S.},
        title = "{Accelerated evolution of convective simulations}",
      journal = {\prf},
     keywords = {Physics - Fluid Dynamics, Astrophysics - Solar and Stellar Astrophysics},
         year = 2018,
        month = aug,
       volume = {3},
       number = {8},
          eid = {083502},
        pages = {083502},
          doi = {10.1103/PhysRevFluids.3.083502},
archivePrefix = {arXiv},
       eprint = {1807.06687},
 primaryClass = {physics.flu-dyn},
       adsurl = {https://ui.adsabs.harvard.edu/abs/2018PhRvF...3h3502A},
      adsnote = {Provided by the SAO/NASA Astrophysics Data System}
}


@ARTICLE{anders_etal_2019_rot,
       author = {{Anders}, Evan H. and {Manduca}, Cathryn M. and {Brown}, Benjamin P. and {Oishi}, Jeffrey S. and {Vasil}, Geoffrey M.},
        title = "{Predicting the Rossby Number in Convective Experiments}",
      journal = {\apj},
     keywords = {convection, dynamo, hydrodynamics, Sun: rotation, turbulence, Astrophysics - Solar and Stellar Astrophysics, Astrophysics - Earth and Planetary Astrophysics, Physics - Fluid Dynamics},
         year = 2019,
        month = feb,
       volume = {872},
       number = {2},
          eid = {138},
        pages = {138},
          doi = {10.3847/1538-4357/aaff61},
archivePrefix = {arXiv},
       eprint = {1812.04518},
 primaryClass = {astro-ph.SR},
       adsurl = {https://ui.adsabs.harvard.edu/abs/2019ApJ...872..138A},
      adsnote = {Provided by the SAO/NASA Astrophysics Data System}
}

@ARTICLE{anders_etal_2019_thermals,
       author = {{Anders}, Evan H. and {Lecoanet}, Daniel and {Brown}, Benjamin P.},
        title = "{Entropy Rain: Dilution and Compression of Thermals in Stratified Domains}",
      journal = {\apj},
     keywords = {Stellar convection envelopes, Solar interior, Solar convective zone, Hydrodynamical simulations, 299, 1500, 1998, 767, Astrophysics - Solar and Stellar Astrophysics, Physics - Atmospheric and Oceanic Physics, Physics - Fluid Dynamics},
         year = 2019,
        month = oct,
       volume = {884},
       number = {1},
          eid = {65},
        pages = {65},
          doi = {10.3847/1538-4357/ab3644},
archivePrefix = {arXiv},
       eprint = {1906.02342},
 primaryClass = {astro-ph.SR},
       adsurl = {https://ui.adsabs.harvard.edu/abs/2019ApJ...884...65A},
      adsnote = {Provided by the SAO/NASA Astrophysics Data System}
}

@ARTICLE{anders_etal_2022a,
       author = {{Anders}, Evan H. and {Jermyn}, Adam S. and {Lecoanet}, Daniel and {Brown}, Benjamin P.},
        title = "{Stellar Convective Penetration: Parameterized Theory and Dynamical Simulations}",
      journal = {\apj},
     keywords = {301, 1631, 1963, 767, 101, 1998, 300, 299, 1606, Astrophysics - Solar and Stellar Astrophysics, Physics - Fluid Dynamics},
         year = 2022,
        month = feb,
       volume = {926},
       number = {2},
          eid = {169},
        pages = {169},
          doi = {10.3847/1538-4357/ac408d},
archivePrefix = {arXiv},
       eprint = {2110.11356},
 primaryClass = {astro-ph.SR},
       adsurl = {https://ui.adsabs.harvard.edu/abs/2022ApJ...926..169A},
      adsnote = {Provided by the SAO/NASA Astrophysics Data System}
}

@ARTICLE{anders_etal_2022b,
       author = {{Anders}, Evan H. and {Jermyn}, Adam S. and {Lecoanet}, Daniel and {Fraser}, Adrian E. and {Cresswell}, Imogen G. and {Joyce}, Meridith and {Fuentes}, J.~R.},
        title = "{Schwarzschild and Ledoux are Equivalent on Evolutionary Timescales}",
      journal = {\apjl},
     keywords = {Stellar convective zones, Stellar physics, Stellar evolutionary models, 301, 1621, 2046, Astrophysics - Solar and Stellar Astrophysics, Physics - Fluid Dynamics},
         year = 2022,
        month = mar,
       volume = {928},
       number = {1},
          eid = {L10},
        pages = {L10},
          doi = {10.3847/2041-8213/ac5cb5},
archivePrefix = {arXiv},
       eprint = {2203.06186},
 primaryClass = {astro-ph.SR},
       adsurl = {https://ui.adsabs.harvard.edu/abs/2022ApJ...928L..10A},
      adsnote = {Provided by the SAO/NASA Astrophysics Data System}
}


@ARTICLE{burns_etal_2020,
       author = {{Burns}, Keaton J. and {Vasil}, Geoffrey M. and {Oishi}, Jeffrey S. and {Lecoanet}, Daniel and {Brown}, Benjamin P.},
        title = "{Dedalus: A flexible framework for numerical simulations with spectral methods}",
      journal = {\prr},
     keywords = {Astrophysics - Instrumentation and Methods for Astrophysics, Physics - Computational Physics, Physics - Fluid Dynamics},
         year = 2020,
        month = apr,
       volume = {2},
       number = {2},
          eid = {023068},
        pages = {023068},
          doi = {10.1103/PhysRevResearch.2.023068},
archivePrefix = {arXiv},
       eprint = {1905.10388},
 primaryClass = {astro-ph.IM},
       adsurl = {https://ui.adsabs.harvard.edu/abs/2020PhRvR...2b3068B},
      adsnote = {Provided by the SAO/NASA Astrophysics Data System}
}

@article{vasil_etal_2019,
title = {Tensor calculus in spherical coordinates using Jacobi polynomials. Part-I: Mathematical analysis and derivations},
journal = {JCP:X},
volume = {3},
pages = {100013},
year = {2019},
issn = {2590-0552},
doi = {https://doi.org/10.1016/j.jcpx.2019.100013},
url = {https://www.sciencedirect.com/science/article/pii/S2590055219300290},
author = {Geoffrey M. Vasil and Daniel Lecoanet and Keaton J. Burns and Jeffrey S. Oishi and Benjamin P. Brown},
keywords = {Spherical geometry, Coordinate singularities, Spectral methods, Spin-weighted spherical harmonics, Jacobi polynomials, Sparse operators},
abstract = {This paper presents a method for accurate and efficient computations on scalar, vector and tensor fields in three-dimensional spherical polar coordinates. The method uses spin-weighted spherical harmonics in the angular directions and rescaled Jacobi polynomials in the radial direction. For the 2-sphere, spin-weighted harmonics allow for automating calculations in a fashion as similar to Fourier series as possible. Derivative operators act as wavenumber multiplication on a set of spectral coefficients. After transforming the angular directions, a set of orthogonal tensor rotations put the radially dependent spectral coefficients into individual spaces each obeying a particular regularity condition at the origin. These regularity spaces have remarkably simple properties under standard vector-calculus operations, such as gradient and divergence. We use a hierarchy of rescaled Jacobi polynomials for a basis on these regularity spaces. It is possible to select the Jacobi-polynomial parameters such that all relevant operators act in a minimally banded way. Altogether, the geometric structure allows for the accurate and efficient solution of general partial differential equations in the unit ball.}
}

@article{lecoanet_etal_2019,
title = {Tensor calculus in spherical coordinates using Jacobi polynomials. Part-II: Implementation and examples},
journal = {JCP:X},
volume = {3},
pages = {100012},
year = {2019},
issn = {2590-0552},
doi = {https://doi.org/10.1016/j.jcpx.2019.100012},
url = {https://www.sciencedirect.com/science/article/pii/S2590055219300289},
author = {Daniel Lecoanet and Geoffrey M. Vasil and Keaton J. Burns and Benjamin P. Brown and Jeffrey S. Oishi},
keywords = {Spherical geometry, Spectral methods, Benchmark, Code comparison},
abstract = {We present a simulation code which can solve a broad range of partial differential equations in a full sphere. The code expands tensorial variables in a spectral series of spin-weighted spherical harmonics in the angular directions and a scaled Jacobi polynomial basis in the radial direction, as described in Vasil et al. (2018; hereafter, Part-I). Nonlinear terms are calculated by transforming from the coefficients of the spectral series to the value of each quantity on the physical grid, where it is easy to calculate products and perform other local operations. The expansion makes it straightforward to solve equations in tensor form (i.e., without decomposition into scalars). We propose and study several unit tests which demonstrate the code can accurately solve linear problems, implement boundary conditions, and transform between spectral and physical space. We then run a series of benchmark problems proposed in Marti et al. (2014), implementing the hydrodynamic and magnetohydrodynamic equations. We are able to calculate more accurate solutions than reported in Marti et al. (2014) by running at higher spatial resolution and using a higher-order timestepping scheme. We find the rotating convection and convective dynamo benchmark problems depend sensitively on details of timestepping and data analysis. We also demonstrate that in low resolution simulations of the dynamo problem, small changes in a numerical scheme can lead to large changes in the solution. To aid future comparison to these benchmarks, we include the source code used to generate the data, as well as the data and analysis scripts used to generate the figures.}
}

@ARTICLE{plumley_julien_2019,
       author = {{Plumley}, Meredith and {Julien}, Keith},
        title = "{Scaling Laws in Rayleigh-B{\'e}nard Convection}",
      journal = {ESS},
         year = 2019,
        month = sep,
       volume = {6},
       number = {9},
        pages = {1580-1592},
          doi = {10.1029/2019EA000583},
       adsurl = {https://ui.adsabs.harvard.edu/abs/2019E&SS....6.1580P},
      adsnote = {Provided by the SAO/NASA Astrophysics Data System}
}


@ARTICLE{barker_etal_2014,
       author = {{Barker}, Adrian J. and {Dempsey}, Adam M. and {Lithwick}, Yoram},
        title = "{Theory and Simulations of Rotating Convection}",
      journal = {\apj},
     keywords = {convection, hydrodynamics, stars: interiors, stars: rotation, turbulence, Astrophysics - Solar and Stellar Astrophysics, Astrophysics - Earth and Planetary Astrophysics, Physics - Atmospheric and Oceanic Physics, Physics - Fluid Dynamics},
         year = 2014,
        month = aug,
       volume = {791},
       number = {1},
          eid = {13},
        pages = {13},
          doi = {10.1088/0004-637X/791/1/13},
archivePrefix = {arXiv},
       eprint = {1403.7207},
 primaryClass = {astro-ph.SR},
       adsurl = {https://ui.adsabs.harvard.edu/abs/2014ApJ...791...13B},
      adsnote = {Provided by the SAO/NASA Astrophysics Data System}
}

@ARTICLE{currie_etal_2020,
       author = {{Currie}, Laura K. and {Barker}, Adrian J. and {Lithwick}, Yoram and {Browning}, Matthew K.},
        title = "{Convection with misaligned gravity and rotation: simulations and rotating mixing length theory}",
      journal = {\mnras},
     keywords = {convection, hydrodynamics, Sun: interior, planets and satellites: interiors, stars: interiors, stars: rotation, Astrophysics - Solar and Stellar Astrophysics, Astrophysics - Earth and Planetary Astrophysics, Physics - Fluid Dynamics},
         year = 2020,
        month = apr,
       volume = {493},
       number = {4},
        pages = {5233-5256},
          doi = {10.1093/mnras/staa372},
archivePrefix = {arXiv},
       eprint = {2002.02461},
 primaryClass = {astro-ph.SR},
       adsurl = {https://ui.adsabs.harvard.edu/abs/2020MNRAS.493.5233C},
      adsnote = {Provided by the SAO/NASA Astrophysics Data System}
}

@ARTICLE{kazemi_etal_2022,
       author = {{Kazemi}, Sina and {Ostilla-M{\'o}nico}, Rodolfo and {Goluskin}, David},
        title = "{Transition between Boundary-Limited Scaling and Mixing-Length Scaling of Turbulent Transport in Internally Heated Convection}",
      journal = {\prl},
     keywords = {Physics - Fluid Dynamics},
         year = 2022,
        month = jul,
       volume = {129},
       number = {2},
          eid = {024501},
        pages = {024501},
          doi = {10.1103/PhysRevLett.129.024501},
archivePrefix = {arXiv},
       eprint = {2111.10906},
 primaryClass = {physics.flu-dyn},
       adsurl = {https://ui.adsabs.harvard.edu/abs/2022PhRvL.129b4501K},
      adsnote = {Provided by the SAO/NASA Astrophysics Data System}
}

@ARTICLE{rempel2020,
       author = {{Rempel}, M.},
        title = "{On the Contribution of Quiet-Sun Magnetism to Solar Irradiance Variations: Constraints on Quiet-Sun Variability and Grand-minimum Scenarios}",
      journal = {\apj},
     keywords = {Quiet sun, Solar spectral irradiance, Radiative magnetohydrodynamics, Solar photosphere, Radiative transfer, Solar granulation, Solar magnetic fields, 1322, 1501, 2009, 1518, 1335, 1498, 1503, Astrophysics - Solar and Stellar Astrophysics},
         year = 2020,
        month = may,
       volume = {894},
       number = {2},
          eid = {140},
        pages = {140},
          doi = {10.3847/1538-4357/ab8633},
archivePrefix = {arXiv},
       eprint = {2004.01795},
 primaryClass = {astro-ph.SR},
       adsurl = {https://ui.adsabs.harvard.edu/abs/2020ApJ...894..140R},
      adsnote = {Provided by the SAO/NASA Astrophysics Data System}
}



@ARTICLE{danilovic_etal_2022,
       author = {{Danilovic}, S. and {Bj{\o}rgen}, J.~P. and {Leenaarts}, J. and {Rempel}, M.},
        title = "{Rapid Blue- and Red-shifted Excursions in H$\alpha$ line profiles synthesized from realistic 3D MHD simulations}",
     keywords = {Astrophysics - Solar and Stellar Astrophysics},
         year = 2022,
        month = aug,
          eid = {arXiv:2208.13749},
        pages = {arXiv:2208.13749},
archivePrefix = {arXiv},
       eprint = {2208.13749},
 primaryClass = {astro-ph.SR},
       adsurl = {https://ui.adsabs.harvard.edu/abs/2022arXiv220813749D},
      adsnote = {Provided by the SAO/NASA Astrophysics Data System}
}

@ARTICLE{barekat_brandenburg_2014,
       author = {{Barekat}, A. and {Brandenburg}, A.},
        title = "{Near-polytropic stellar simulations with a radiative surface}",
      journal = {\aap},
     keywords = {radiative transfer, hydrodynamics, Sun: atmosphere, Astrophysics - Solar and Stellar Astrophysics},
         year = 2014,
        month = nov,
       volume = {571},
          eid = {A68},
        pages = {A68},
          doi = {10.1051/0004-6361/201322461},
archivePrefix = {arXiv},
       eprint = {1308.1660},
 primaryClass = {astro-ph.SR},
       adsurl = {https://ui.adsabs.harvard.edu/abs/2014A&A...571A..68B},
      adsnote = {Provided by the SAO/NASA Astrophysics Data System}
}


@ARTICLE{brown_etal_2020,
       author = {{Brown}, Benjamin P. and {Oishi}, Jeffrey S. and {Vasil}, Geoffrey M. and {Lecoanet}, Daniel and {Burns}, Keaton J.},
        title = "{Single-hemisphere Dynamos in M-dwarf Stars}",
      journal = {\apjl},
     keywords = {M dwarf stars, Stellar magnetic fields, Magnetohydrodynamical simulations, Astrophysical fluid dynamics, 982, 1610, 1966, 101, Astrophysics - Solar and Stellar Astrophysics, Physics - Fluid Dynamics},
         year = 2020,
        month = oct,
       volume = {902},
       number = {1},
          eid = {L3},
        pages = {L3},
          doi = {10.3847/2041-8213/abb9a4},
archivePrefix = {arXiv},
       eprint = {2008.02362},
 primaryClass = {astro-ph.SR},
       adsurl = {https://ui.adsabs.harvard.edu/abs/2020ApJ...902L...3B},
      adsnote = {Provided by the SAO/NASA Astrophysics Data System}
}

@ARTICLE{kapyla_etal_2021,
       author = {{K{\"a}pyl{\"a}}, P.~J.},
        title = "{Star-in-a-box simulations of fully convective stars}",
      journal = {\aap},
     keywords = {stars: magnetic field, dynamo, magnetohydrodynamics (MHD), convection, turbulence, Astrophysics - Solar and Stellar Astrophysics},
         year = 2021,
        month = jul,
       volume = {651},
          eid = {A66},
        pages = {A66},
          doi = {10.1051/0004-6361/202040049},
archivePrefix = {arXiv},
       eprint = {2012.01259},
 primaryClass = {astro-ph.SR},
       adsurl = {https://ui.adsabs.harvard.edu/abs/2021A&A...651A..66K},
      adsnote = {Provided by the SAO/NASA Astrophysics Data System}
}

@ARTICLE{browning_2008,
       author = {{Browning}, Matthew K.},
        title = "{Simulations of Dynamo Action in Fully Convective Stars}",
      journal = {\apj},
     keywords = {convection, MHD, stars: low-mass, brown dwarfs, stars: magnetic fields, turbulence, Astrophysics},
         year = 2008,
        month = apr,
       volume = {676},
       number = {2},
        pages = {1262-1280},
          doi = {10.1086/527432},
archivePrefix = {arXiv},
       eprint = {0712.1603},
 primaryClass = {astro-ph},
       adsurl = {https://ui.adsabs.harvard.edu/abs/2008ApJ...676.1262B},
      adsnote = {Provided by the SAO/NASA Astrophysics Data System}
}



@ARTICLE{kaiser_etal_2020,
       author = {{Kaiser}, Etienne A. and {Hirschi}, Raphael and {Arnett}, W. David and {Georgy}, Cyril and {Scott}, Laura J.~A. and {Cristini}, Andrea},
        title = "{Relative importance of convective uncertainties in massive stars}",
      journal = {\mnras},
     keywords = {stars: evolution, stars: interiors, convection, Nucleosynthesis, stars: massive, Astrophysics - Solar and Stellar Astrophysics},
         year = 2020,
        month = aug,
       volume = {496},
       number = {2},
        pages = {1967-1989},
          doi = {10.1093/mnras/staa1595},
archivePrefix = {arXiv},
       eprint = {2006.01877},
 primaryClass = {astro-ph.SR},
       adsurl = {https://ui.adsabs.harvard.edu/abs/2020MNRAS.496.1967K},
      adsnote = {Provided by the SAO/NASA Astrophysics Data System}
}

@ARTICLE{claret_torres_2019,
       author = {{Claret}, Antonio and {Torres}, Guillermo},
        title = "{The Dependence of Convective Core Overshooting on Stellar Mass: Reality Check and Additional Evidence}",
      journal = {\apj},
     keywords = {binaries: eclipsing, stars: evolution, stars: interiors, Astrophysics - Solar and Stellar Astrophysics},
         year = 2019,
        month = may,
       volume = {876},
       number = {2},
          eid = {134},
        pages = {134},
          doi = {10.3847/1538-4357/ab1589},
archivePrefix = {arXiv},
       eprint = {1904.02714},
 primaryClass = {astro-ph.SR},
       adsurl = {https://ui.adsabs.harvard.edu/abs/2019ApJ...876..134C},
      adsnote = {Provided by the SAO/NASA Astrophysics Data System}
}

@ARTICLE{johnston2021,
       author = {{Johnston}, C.},
        title = "{One size does not fit all: Evidence for a range of mixing efficiencies in stellar evolution calculations}",
      journal = {\aap},
     keywords = {stars: evolution, stars: interiors, binaries: eclipsing, stars: oscillations, asteroseismology, Astrophysics - Solar and Stellar Astrophysics},
         year = 2021,
        month = nov,
       volume = {655},
          eid = {A29},
        pages = {A29},
          doi = {10.1051/0004-6361/202141080},
archivePrefix = {arXiv},
       eprint = {2107.09075},
 primaryClass = {astro-ph.SR},
       adsurl = {https://ui.adsabs.harvard.edu/abs/2021A&A...655A..29J},
      adsnote = {Provided by the SAO/NASA Astrophysics Data System}
}


@ARTICLE{feiden_chaboyer_2013,
       author = {{Feiden}, Gregory A. and {Chaboyer}, Brian},
        title = "{Magnetic Inhibition of Convection and the Fundamental Properties of Low-mass Stars. I. Stars with a Radiative Core}",
      journal = {\apj},
     keywords = {binaries: eclipsing, stars: evolution, stars: interiors, stars: low-mass, stars: magnetic field, Astrophysics - Solar and Stellar Astrophysics},
         year = 2013,
        month = dec,
       volume = {779},
       number = {2},
          eid = {183},
        pages = {183},
          doi = {10.1088/0004-637X/779/2/183},
archivePrefix = {arXiv},
       eprint = {1309.0033},
 primaryClass = {astro-ph.SR},
       adsurl = {https://ui.adsabs.harvard.edu/abs/2013ApJ...779..183F},
      adsnote = {Provided by the SAO/NASA Astrophysics Data System}
}

@ARTICLE{feiden_chaboyer_2014,
       author = {{Feiden}, Gregory A. and {Chaboyer}, Brian},
        title = "{Magnetic Inhibition of Convection and the Fundamental Properties of Low-mass Stars. II. Fully Convective Main-sequence Stars}",
      journal = {\apj},
     keywords = {binaries: eclipsing, stars: evolution, stars: interiors, stars: low-mass, stars: magnetic field, Astrophysics - Solar and Stellar Astrophysics},
         year = 2014,
        month = jul,
       volume = {789},
       number = {1},
          eid = {53},
        pages = {53},
          doi = {10.1088/0004-637X/789/1/53},
archivePrefix = {arXiv},
       eprint = {1405.1767},
 primaryClass = {astro-ph.SR},
       adsurl = {https://ui.adsabs.harvard.edu/abs/2014ApJ...789...53F},
      adsnote = {Provided by the SAO/NASA Astrophysics Data System}
}

@ARTICLE{torres_etal_2021,
       author = {{Torres}, Guillermo and {Feiden}, Gregory A. and {Vanderburg}, Andrew and {Curtis}, Jason L.},
        title = "{A Stringent Test of Magnetic Models of Stellar Evolution}",
     keywords = {Astrophysics - Solar and Stellar Astrophysics},
         year = 2021,
        month = dec,
          eid = {arXiv:2112.12155},
        pages = {arXiv:2112.12155},
archivePrefix = {arXiv},
       eprint = {2112.12155},
 primaryClass = {astro-ph.SR},
       adsurl = {https://ui.adsabs.harvard.edu/abs/2021arXiv211212155T},
      adsnote = {Provided by the SAO/NASA Astrophysics Data System}
}

@ARTICLE{ireland_browning_2018,
       author = {{Ireland}, Lewis G. and {Browning}, Matthew K.},
        title = "{The Radius and Entropy of a Magnetized, Rotating, Fully Convective Star: Analysis with Depth-dependent Mixing Length Theories}",
      journal = {\apj},
     keywords = {convection, magnetohydrodynamics: MHD, stars: fundamental parameters, stars: low-mass, stars: magnetic field, stars: rotation, Astrophysics - Solar and Stellar Astrophysics},
         year = 2018,
        month = apr,
       volume = {856},
       number = {2},
          eid = {132},
        pages = {132},
          doi = {10.3847/1538-4357/aab3da},
archivePrefix = {arXiv},
       eprint = {1803.02664},
 primaryClass = {astro-ph.SR},
       adsurl = {https://ui.adsabs.harvard.edu/abs/2018ApJ...856..132I},
      adsnote = {Provided by the SAO/NASA Astrophysics Data System}
}
@ARTICLE{kohler_etal_2015,
       author = {{K{\"o}hler}, K. and {Langer}, N. and {de Koter}, A. and {de Mink}, S.~E. and {Crowther}, P.~A. and {Evans}, C.~J. and {Gr{\"a}fener}, G. and {Sana}, H. and {Sanyal}, D. and {Schneider}, F.~R.~N. and {Vink}, J.~S.},
        title = "{The evolution of rotating very massive stars with LMC composition}",
      journal = {\aap},
     keywords = {stars: massive, stars: evolution, stars: rotation, stars: abundances, stars: early-type, Astrophysics - Solar and Stellar Astrophysics},
         year = 2015,
        month = jan,
       volume = {573},
          eid = {A71},
        pages = {A71},
          doi = {10.1051/0004-6361/201424356},
archivePrefix = {arXiv},
       eprint = {1501.03794},
 primaryClass = {astro-ph.SR},
       adsurl = {https://ui.adsabs.harvard.edu/abs/2015A&A...573A..71K},
      adsnote = {Provided by the SAO/NASA Astrophysics Data System}
}

@ARTICLE{yusof_etal_2013,
       author = {{Yusof}, Norhasliza and {Hirschi}, Raphael and {Meynet}, Georges and {Crowther}, Paul A. and {Ekstr{\"o}m}, Sylvia and {Frischknecht}, Urs and {Georgy}, Cyril and {Abu Kassim}, Hasan and {Schnurr}, Olivier},
        title = "{Evolution and fate of very massive stars}",
      journal = {\mnras},
     keywords = {stars: evolution, stars: massive, stars: mass-loss, Astrophysics - Solar and Stellar Astrophysics},
         year = 2013,
        month = aug,
       volume = {433},
       number = {2},
        pages = {1114-1132},
          doi = {10.1093/mnras/stt794},
archivePrefix = {arXiv},
       eprint = {1305.2099},
 primaryClass = {astro-ph.SR},
       adsurl = {https://ui.adsabs.harvard.edu/abs/2013MNRAS.433.1114Y},
      adsnote = {Provided by the SAO/NASA Astrophysics Data System}
}

@ARTICLE{bowman_etal_2019,
       author = {{Bowman}, Dominic M. and {Burssens}, Siemen and {Pedersen}, May G. and {Johnston}, Cole and {Aerts}, Conny and {Buysschaert}, Bram and {Michielsen}, Mathias and {Tkachenko}, Andrew and {Rogers}, Tamara M. and {Edelmann}, Philipp V.~F. and {Ratnasingam}, Rathish P. and {Sim{\'o}n-D{\'\i}az}, Sergio and {Castro}, Norberto and {Moravveji}, Ehsan and {Pope}, Benjamin J.~S. and {White}, Timothy R. and {De Cat}, Peter},
        title = "{Low-frequency gravity waves in blue supergiants revealed by high-precision space photometry}",
      journal = {Nature Astronomy},
     keywords = {Astrophysics - Solar and Stellar Astrophysics},
         year = 2019,
        month = may,
       volume = {3},
        pages = {760-765},
          doi = {10.1038/s41550-019-0768-1},
archivePrefix = {arXiv},
       eprint = {1905.02120},
 primaryClass = {astro-ph.SR},
       adsurl = {https://ui.adsabs.harvard.edu/abs/2019NatAs...3..760B},
      adsnote = {Provided by the SAO/NASA Astrophysics Data System}
}

@ARTICLE{jermyn_etal_2022_atlas,
       author = {{Jermyn}, Adam S. and {Anders}, Evan H. and {Lecoanet}, Daniel and {Cantiello}, Matteo},
        title = "{An Atlas of Convection in Main-sequence Stars}",
      journal = {\apjs},
     keywords = {Stellar physics, Stellar evolutionary models, Stellar convective zones, 1621, 2046, 301, Astrophysics - Solar and Stellar Astrophysics, Physics - Fluid Dynamics},
         year = 2022,
        month = sep,
       volume = {262},
       number = {1},
          eid = {19},
        pages = {19},
          doi = {10.3847/1538-4365/ac7cee},
archivePrefix = {arXiv},
       eprint = {2206.00011},
 primaryClass = {astro-ph.SR},
       adsurl = {https://ui.adsabs.harvard.edu/abs/2022ApJS..262...19J},
      adsnote = {Provided by the SAO/NASA Astrophysics Data System}
}

@ARTICLE{jermyn_etal_2022_penconv,
       author = {{Jermyn}, Adam S. and {Anders}, Evan H. and {Lecoanet}, Daniel and {Cantiello}, Matteo},
        title = "{Convective Penetration in Early-type Stars}",
      journal = {\apj},
     keywords = {Stellar physics, Stellar evolutionary models, Stellar convective zones, 1621, 2046, 301, Astrophysics - Solar and Stellar Astrophysics},
         year = 2022,
        month = apr,
       volume = {929},
       number = {2},
          eid = {182},
        pages = {182},
          doi = {10.3847/1538-4357/ac5f08},
archivePrefix = {arXiv},
       eprint = {2203.09525},
 primaryClass = {astro-ph.SR},
       adsurl = {https://ui.adsabs.harvard.edu/abs/2022ApJ...929..182J},
      adsnote = {Provided by the SAO/NASA Astrophysics Data System}
}

@article{bromm_larson_2004,
author = {Bromm, Volker and Larson, Richard B.},
title = {The First Stars},
journal = {\araa},
volume = {42},
number = {1},
pages = {79-118},
year = {2004},
doi = {10.1146/annurev.astro.42.053102.134034},

URL = { 
        https://doi.org/10.1146/annurev.astro.42.053102.134034
    
},
eprint = { 
        https://doi.org/10.1146/annurev.astro.42.053102.134034
    
}
,
    abstract = { ▪ Abstract We review recent theoretical results on the formation of the first stars in the universe, and emphasize related open questions. In particular, we discuss the initial conditions for Population III star formation, as given by variants of the cold dark matter cosmology. Numerical simulations have investigated the collapse and the fragmentation of metal-free gas, showing that the first stars were predominantly very massive. The exact determination of the stellar masses, and the precise form of the primordial initial mass function, is still hampered by our limited understanding of the accretion physics and the protostellar feedback effects. We address the importance of heavy elements in bringing about the transition from an early star formation mode dominated by massive stars to the familiar mode dominated by low-mass stars at later times. We show how complementary observations, both at high redshifts and in our local cosmic neighborhood, can be utilized to probe the first epoch of star formation. }
}

@ARTICLE{lancaster_etal_2021,
       author = {{Lancaster}, Lachlan and {Ostriker}, Eve C. and {Kim}, Jeong-Gyu and {Kim}, Chang-Goo},
        title = "{Efficiently Cooled Stellar Wind Bubbles in Turbulent Clouds. I. Fractal Theory and Application to Star-forming Clouds}",
      journal = {\apj},
     keywords = {Star formation, Stellar wind bubbles, Stellar winds, Molecular clouds, Star clusters, Young star clusters, 1569, 1635, 1636, 1072, 1567, 1833, Astrophysics - Astrophysics of Galaxies},
         year = 2021,
        month = jun,
       volume = {914},
       number = {2},
          eid = {89},
        pages = {89},
          doi = {10.3847/1538-4357/abf8ab},
archivePrefix = {arXiv},
       eprint = {2104.07691},
 primaryClass = {astro-ph.GA},
       adsurl = {https://ui.adsabs.harvard.edu/abs/2021ApJ...914...89L},
      adsnote = {Provided by the SAO/NASA Astrophysics Data System}
}

@article{smith_2014,
author = {Smith, Nathan},
title = {Mass Loss: Its Effect on the Evolution and Fate of High-Mass Stars},
journal = {Annual Review of Astronomy and Astrophysics},
volume = {52},
number = {1},
pages = {487-528},
year = {2014},
doi = {10.1146/annurev-astro-081913-040025},

URL = { 
        https://doi.org/10.1146/annurev-astro-081913-040025
    
},
eprint = { 
        https://doi.org/10.1146/annurev-astro-081913-040025
    
}
,
    abstract = { Our understanding of massive star evolution is in flux due to recent upheavals in our view of mass loss and observations of a high binary fraction among O-type stars. Mass-loss rates for standard metallicity-dependent winds of hot stars are lower by a factor of 2–3 compared with rates adopted in modern stellar evolution codes, due to the influence of clumping on observed diagnostics. Weaker hot star winds shift the burden of H-envelope removal to the winds, pulsations, and eruptions of evolved supergiants, as well as binary mass transfer. Studies of stripped-envelope supernovae, in particular, require binary mass transfer. Dramatic examples of eruptive mass loss are seen in Type IIn supernovae, which have massive shells ejected just a few years earlier. These eruptions are a prelude to core collapse, and may signify severe instabilities in the latest nuclear burning phases. We encounter the predicament that the most important modes of mass loss are also the most uncertain, undermining the predictive power of single-star evolution models. Moreover, the influence of winds and rotation has been evaluated by testing single-star models against observed statistics that, it turns out, are heavily influenced by binary evolution. Altogether, this may alter our view about the most basic outcomes of massive-star mass loss—are Wolf-Rayet stars and Type Ibc supernovae the products of winds, or are they mostly the result of binary evolution and eruptive mass loss? This is not fully settled, but mounting evidence points toward the latter. This paradigm shift impacts other areas of astronomy, because it changes predictions for ionizing radiation and wind feedback from stellar populations, it may alter conclusions about star-formation rates and initial mass functions, it affects the origin of compact stellar remnants, and it influences how we use supernovae as probes of stellar evolution across cosmic time. }
}

@ARTICLE{heger_2003,
       author = {{Heger}, A. and {Fryer}, C.~L. and {Woosley}, S.~E. and {Langer}, N. and {Hartmann}, D.~H.},
        title = "{How Massive Single Stars End Their Life}",
      journal = {\apj},
     keywords = {Black Hole Physics, Gamma Rays: Bursts, Stars: Early-Type, Stars: Neutron, Stars: Supernovae: General, Astrophysics},
         year = 2003,
        month = jul,
       volume = {591},
       number = {1},
        pages = {288-300},
          doi = {10.1086/375341},
archivePrefix = {arXiv},
       eprint = {astro-ph/0212469},
 primaryClass = {astro-ph},
       adsurl = {https://ui.adsabs.harvard.edu/abs/2003ApJ...591..288H},
      adsnote = {Provided by the SAO/NASA Astrophysics Data System}
}

@ARTICLE{abbott_etal_2021,
       author = {{Abbott}, R. and {Abbott}, T.~D. and {Abraham}, S. and {Acernese}, F. and {Ackley}, K. and {Adams}, A. and {Adams}, C. and {Adhikari}, R.~X. and {Adya}, V.~B. and {Affeldt}, C. and {Agathos}, M. and {Agatsuma}, K. and {Aggarwal}, N. and {Aguiar}, O.~D. and {Aiello}, L. and {Ain}, A. and {Ajith}, P. and {Allen}, G. and {Allocca}, A. and {Altin}, P.~A. and {Amato}, A. and {Anand}, S. and {Ananyeva}, A. and {Anderson}, S.~B. and {Anderson}, W.~G. and {Angelova}, S.~V. and {Ansoldi}, S. and {Antelis}, J.~M. and {Antier}, S. and {Appert}, S. and {Arai}, K. and {Araya}, M.~C. and {Areeda}, J.~S. and {Ar{\`e}ne}, M. and {Arnaud}, N. and {Aronson}, S.~M. and {Arun}, K.~G. and {Asali}, Y. and {Ascenzi}, S. and {Ashton}, G. and {Aston}, S.~M. and {Astone}, P. and {Aubin}, F. and {Aufmuth}, P. and {AultONeal}, K. and {Austin}, C. and {Avendano}, V. and {Babak}, S. and {Badaracco}, F. and {Bader}, M.~K.~M. and {Bae}, S. and {Baer}, A.~M. and {Bagnasco}, S. and {Baird}, J. and {Ball}, M. and {Ballardin}, G. and {Ballmer}, S.~W. and {Bals}, A. and {Balsamo}, A. and {Baltus}, G. and {Banagiri}, S. and {Bankar}, D. and {Bankar}, R.~S. and {Barayoga}, J.~C. and {Barbieri}, C. and {Barish}, B.~C. and {Barker}, D. and {Barneo}, P. and {Barnum}, S. and {Barone}, F. and {Barr}, B. and {Barsotti}, L. and {Barsuglia}, M. and {Barta}, D. and {Bartlett}, J. and {Bartos}, I. and {Bassiri}, R. and {Basti}, A. and {Bawaj}, M. and {Bayley}, J.~C. and {Bazzan}, M. and {Becher}, B.~R. and {B{\'e}csy}, B. and {Bedakihale}, V.~M. and {Bejger}, M. and {Belahcene}, I. and {Beniwal}, D. and {Benjamin}, M.~G. and {Bennett}, T.~F. and {Bentley}, J.~D. and {Bergamin}, F. and {Berger}, B.~K. and {Bergmann}, G. and {Bernuzzi}, S. and {Berry}, C.~P.~L. and {Bersanetti}, D. and {Bertolini}, A. and {Betzwieser}, J. and {Bhandare}, R. and {Bhandari}, A.~V. and {Bhattacharjee}, D. and {Bidler}, J. and {Bilenko}, I.~A. and {Billingsley}, G. and {Birney}, R. and {Birnholtz}, O. and {Biscans}, S. and {Bischi}, M. and {Biscoveanu}, S. and {Bisht}, A. and {Bitossi}, M. and {Bizouard}, M. -A. and {Blackburn}, J.~K. and {Blackman}, J. and {Blair}, C.~D. and {Blair}, D.~G. and {Blair}, R.~M. and {Blanch}, O. and {Bobba}, F. and {Bode}, N. and {Boer}, M. and {Boetzel}, Y. and {Bogaert}, G. and {Boldrini}, M. and {Bondu}, F. and {Bonilla}, E. and {Bonnand}, R. and {Booker}, P. and {Boom}, B.~A. and {Bork}, R. and {Boschi}, V. and {Bose}, S. and {Bossilkov}, V. and {Boudart}, V. and {Bouffanais}, Y. and {Bozzi}, A. and {Bradaschia}, C. and {Brady}, P.~R. and {Bramley}, A. and {Branchesi}, M. and {Brau}, J.~E. and {Breschi}, M. and {Briant}, T. and {Briggs}, J.~H. and {Brighenti}, F. and {Brillet}, A. and {Brinkmann}, M. and {Brockill}, P. and {Brooks}, A.~F. and {Brooks}, J. and {Brown}, D.~D. and {Brunett}, S. and {Bruno}, G. and {Bruntz}, R. and {Buikema}, A. and {Bulik}, T. and {Bulten}, H.~J. and {Buonanno}, A. and {Buscicchio}, R. and {Buskulic}, D. and {Byer}, R.~L. and {Cabero}, M. and {Cadonati}, L. and {Caesar}, M. and {Cagnoli}, G. and {Cahillane}, C. and {Calder{\'o}n Bustillo}, J. and {Callaghan}, J.~D. and {Callister}, T.~A. and {Calloni}, E. and {Camp}, J.~B. and {Canepa}, M. and {Cannon}, K.~C. and {Cao}, H. and {Cao}, J. and {Carapella}, G. and {Carbognani}, F. and {Carney}, M.~F. and {Carpinelli}, M. and {Carullo}, G. and {Carver}, T.~L. and {Casanueva Diaz}, J. and {Casentini}, C. and {Caudill}, S. and {Cavagli{\`a}}, M. and {Cavalier}, F. and {Cavalieri}, R. and {Cella}, G. and {Cerd{\'a}-Dur{\'a}n}, P. and {Cesarini}, E. and {Chaibi}, W. and {Chakravarti}, K. and {Chan}, C. -L. and {Chan}, C. and {Chandra}, K. and {Chanial}, P. and {Chao}, S. and {Charlton}, P. and {Chase}, E.~A. and {Chassande-Mottin}, E. and {Chatterjee}, D. and {Chattopadhyay}, D. and {Chaturvedi}, M. and {Chatziioannou}, K. and {Chen}, A. and {Chen}, H.~Y. and {Chen}, X. and {Chen}, Y. and {Cheng}, H. -P. and {Cheong}, C.~K. and {Chia}, H.~Y. and {Chiadini}, F. and {Chierici}, R. and {Chincarini}, A. and {Chiummo}, A. and {Cho}, G. and {Cho}, H.~S. and {Cho}, M. and {Choate}, S. and {Christensen}, N. and {Chu}, Q. and {Chua}, S. and {Chung}, K.~W. and {Chung}, S. and {Ciani}, G. and {Ciecielag}, P. and {Cie{\'s}lar}, M. and {Cifaldi}, M. and {Ciobanu}, A.~A. and {Ciolfi}, R. and {Cipriano}, F. and {Cirone}, A. and {Clara}, F. and {Clark}, E.~N. and {Clark}, J.~A. and {Clarke}, L. and {Clearwater}, P. and {Clesse}, S. and {Cleva}, F. and {Coccia}, E. and {Cohadon}, P. -F. and {Cohen}, D.~E. and {Colleoni}, M. and {Collette}, C.~G. and {Collins}, C. and {Colpi}, M. and {Constancio}, M., Jr. and {Conti}, L. and {Cooper}, S.~J. and {Corban}, P. and {Corbitt}, T.~R. and {Cordero-Carri{\'o}n}, I. and {Corezzi}, S. and {Corley}, K.~R. and {Cornish}, N. and {Corre}, D. and {Corsi}, A. and {Cortese}, S. and {Costa}, C.~A. and {Cotesta}, R. and {Coughlin}, M.~W. and {Coughlin}, S.~B. and {Coulon}, J. -P. and {Countryman}, S.~T. and {Couvares}, P. and {Covas}, P.~B. and {Coward}, D.~M. and {Cowart}, M.~J. and {Coyne}, D.~C. and {Coyne}, R. and {Creighton}, J.~D.~E. and {Creighton}, T.~D. and {Croquette}, M. and {Crowder}, S.~G. and {Cudell}, J.~R. and {Cullen}, T.~J. and {Cumming}, A. and {Cummings}, R. and {Cunningham}, L. and {Cuoco}, E. and {Curylo}, M. and {Dal Canton}, T. and {D{\'a}lya}, G. and {Dana}, A. and {DaneshgaranBajastani}, L.~M. and {D'Angelo}, B. and {Danilishin}, S.~L. and {D'Antonio}, S. and {Danzmann}, K. and {Darsow-Fromm}, C. and {Dasgupta}, A. and {Datrier}, L.~E.~H. and {Dattilo}, V. and {Dave}, I. and {Davier}, M. and {Davies}, G.~S. and {Davis}, D. and {Daw}, E.~J. and {Dean}, R. and {DeBra}, D. and {Deenadayalan}, M. and {Degallaix}, J. and {De Laurentis}, M. and {Del{\'e}glise}, S. and {Del Favero}, V. and {De Lillo}, F. and {De Lillo}, N. and {Del Pozzo}, W. and {DeMarchi}, L.~M. and {De Matteis}, F. and {D'Emilio}, V. and {Demos}, N. and {Denker}, T. and {Dent}, T. and {Depasse}, A. and {De Pietri}, R. and {De Rosa}, R. and {De Rossi}, C. and {DeSalvo}, R. and {de Varona}, O. and {Dhurandhar}, S. and {D{\'\i}az}, M.~C. and {Diaz-Ortiz}, M., Jr. and {Didio}, N.~A. and {Dietrich}, T. and {Di Fiore}, L. and {DiFronzo}, C. and {Di Giorgio}, C. and {Di Giovanni}, F. and {Di Giovanni}, M. and {Di Girolamo}, T. and {Di Lieto}, A. and {Ding}, B. and {Di Pace}, S. and {Di Palma}, I. and {Di Renzo}, F. and {Divakarla}, A.~K. and {Dmitriev}, A. and {Doctor}, Z. and {D'Onofrio}, L. and {Donovan}, F. and {Dooley}, K.~L. and {Doravari}, S. and {Dorrington}, I. and {Downes}, T.~P. and {Drago}, M. and {Driggers}, J.~C. and {Du}, Z. and {Ducoin}, J. -G. and {Dupej}, P. and {Durante}, O. and {D'Urso}, D. and {Duverne}, P. -A. and {Dwyer}, S.~E. and {Easter}, P.~J. and {Eddolls}, G. and {Edelman}, B. and {Edo}, T.~B. and {Edy}, O. and {Effler}, A. and {Eichholz}, J. and {Eikenberry}, S.~S. and {Eisenmann}, M. and {Eisenstein}, R.~A. and {Ejlli}, A. and {Errico}, L. and {Essick}, R.~C. and {Estell{\'e}s}, H. and {Estevez}, D. and {Etienne}, Z.~B. and {Etzel}, T. and {Evans}, M. and {Evans}, T.~M. and {Ewing}, B.~E. and {Fafone}, V. and {Fair}, H. and {Fairhurst}, S. and {Fan}, X. and {Farah}, A.~M. and {Farinon}, S. and {Farr}, B. and {Farr}, W.~M. and {Fauchon-Jones}, E.~J. and {Favata}, M. and {Fays}, M. and {Fazio}, M. and {Feicht}, J. and {Fejer}, M.~M. and {Feng}, F. and {Fenyvesi}, E. and {Ferguson}, D.~L. and {Fernandez-Galiana}, A. and {Ferrante}, I. and {Ferreira}, T.~A. and {Fidecaro}, F. and {Figura}, P. and {Fiori}, I. and {Fiorucci}, D. and {Fishbach}, M. and {Fisher}, R.~P. and {Fishner}, J.~M. and {Fittipaldi}, R. and {Fitz-Axen}, M. and {Fiumara}, V. and {Flaminio}, R. and {Floden}, E. and {Flynn}, E. and {Fong}, H. and {Font}, J.~A. and {Forsyth}, P.~W.~F. and {Fournier}, J. -D. and {Frasca}, S. and {Frasconi}, F. and {Frei}, Z. and {Freise}, A. and {Frey}, R. and {Frey}, V. and {Fritschel}, P. and {Frolov}, V.~V. and {Fronz{\'e}}, G.~G. and {Fulda}, P. and {Fyffe}, M. and {Gabbard}, H.~A. and {Gadre}, B.~U. and {Gaebel}, S.~M. and {Gair}, J.~R. and {Gais}, J. and {Galaudage}, S. and {Gamba}, R. and {Ganapathy}, D. and {Ganguly}, A. and {Gaonkar}, S.~G. and {Garaventa}, B. and {Garc{\'\i}a-Quir{\'o}s}, C. and {Garufi}, F. and {Gateley}, B. and {Gaudio}, S. and {Gayathri}, V. and {Gemme}, G. and {Gennai}, A. and {George}, D. and {George}, J. and {Gergely}, L. and {Ghonge}, S. and {Ghosh}, Abhirup and {Ghosh}, Archisman and {Ghosh}, S. and {Giacomazzo}, B. and {Giacoppo}, L. and {Giaime}, J.~A. and {Giardina}, K.~D. and {Gibson}, D.~R. and {Gier}, C. and {Gill}, K. and {Giri}, P. and {Glanzer}, J. and {Gleckl}, A.~E. and {Godwin}, P. and {Goetz}, E. and {Goetz}, R. and {Gohlke}, N. and {Goncharov}, B. and {Gonz{\'a}lez}, G. and {Gopakumar}, A. and {Gossan}, S.~E. and {Gosselin}, M. and {Gouaty}, R. and {Grace}, B. and {Grado}, A. and {Granata}, M. and {Granata}, V. and {Grant}, A. and {Gras}, S. and {Grassia}, P. and {Gray}, C. and {Gray}, R. and {Greco}, G. and {Green}, A.~C. and {Green}, R. and {Gretarsson}, E.~M. and {Griggs}, H.~L. and {Grignani}, G. and {Grimaldi}, A. and {Grimes}, E. and {Grimm}, S.~J. and {Grote}, H. and {Grunewald}, S. and {Gruning}, P. and {Guerrero}, J.~G. and {Guidi}, G.~M. and {Guimaraes}, A.~R. and {Guix{\'e}}, G. and {Gulati}, H.~K. and {Guo}, Y. and {Gupta}, Anchal and {Gupta}, Anuradha and {Gupta}, P. and {Gustafson}, E.~K. and {Gustafson}, R. and {Guzman}, F. and {Haegel}, L. and {Halim}, O. and {Hall}, E.~D. and {Hamilton}, E.~Z. and {Hammond}, G. and {Haney}, M. and {Hanke}, M.~M. and {Hanks}, J. and {Hanna}, C. and {Hannuksela}, O.~A. and {Hannuksela}, O. and {Hansen}, H. and {Hansen}, T.~J. and {Hanson}, J. and {Harder}, T. and {Hardwick}, T. and {Haris}, K. and {Harms}, J. and {Harry}, G.~M. and {Harry}, I.~W. and {Hartwig}, D. and {Hasskew}, R.~K. and {Haster}, C. -J. and {Haughian}, K. and {Hayes}, F.~J. and {Healy}, J. and {Heidmann}, A. and {Heintze}, M.~C. and {Heinze}, J. and {Heinzel}, J. and {Heitmann}, H. and {Hellman}, F. and {Hello}, P. and {Helmling-Cornell}, A.~F. and {Hemming}, G. and {Hendry}, M. and {Heng}, I.~S. and {Hennes}, E. and {Hennig}, J. and {Hennig}, M.~H. and {Hernandez Vivanco}, F. and {Heurs}, M. and {Hild}, S. and {Hill}, P. and {Hines}, A.~S. and {Hochheim}, S. and {Hofgard}, E. and {Hofman}, D. and {Hohmann}, J.~N. and {Holgado}, A.~M. and {Holland}, N.~A. and {Hollows}, I.~J. and {Holmes}, Z.~J. and {Holt}, K. and {Holz}, D.~E. and {Hopkins}, P. and {Horst}, C. and {Hough}, J. and {Howell}, E.~J. and {Hoy}, C.~G. and {Hoyland}, D. and {Huang}, Y. and {H{\"u}bner}, M.~T. and {Huddart}, A.~D. and {Huerta}, E.~A. and {Hughey}, B. and {Hui}, V. and {Husa}, S. and {Huttner}, S.~H. and {Hutzler}, B.~M. and {Huxford}, R. and {Huynh-Dinh}, T. and {Idzkowski}, B. and {Iess}, A. and {Imperato}, S. and {Inchauspe}, H. and {Ingram}, C. and {Intini}, G. and {Isi}, M. and {Iyer}, B.~R. and {JaberianHamedan}, V. and {Jacqmin}, T. and {Jadhav}, S.~J. and {Jadhav}, S.~P. and {James}, A.~L. and {Jani}, K. and {Janssens}, K. and {Janthalur}, N.~N. and {Jaranowski}, P. and {Jariwala}, D. and {Jaume}, R. and {Jenkins}, A.~C. and {Jeunon}, M. and {Jiang}, J. and {Johns}, G.~R. and {Jones}, A.~W. and {Jones}, D.~I. and {Jones}, J.~D. and {Jones}, P. and {Jones}, R. and {Jonker}, R.~J.~G. and {Ju}, L. and {Junker}, J. and {Kalaghatgi}, C.~V. and {Kalogera}, V. and {Kamai}, B. and {Kandhasamy}, S. and {Kang}, G. and {Kanner}, J.~B. and {Kapadia}, S.~J. and {Kapasi}, D.~P. and {Karathanasis}, C. and {Karki}, S. and {Kashyap}, R. and {Kasprzack}, M. and {Kastaun}, W. and {Katsanevas}, S. and {Katsavounidis}, E. and {Katzman}, W. and {Kawabe}, K. and {K{\'e}f{\'e}lian}, F. and {Keitel}, D. and {Key}, J.~S. and {Khadka}, S. and {Khalili}, F.~Y. and {Khan}, I. and {Khan}, S. and {Khazanov}, E.~A. and {Khetan}, N. and {Khursheed}, M. and {Kijbunchoo}, N. and {Kim}, C. and {Kim}, G.~J. and {Kim}, J.~C. and {Kim}, K. and {Kim}, W.~S. and {Kim}, Y. -M. and {Kimball}, C. and {King}, P.~J. and {Kinley-Hanlon}, M. and {Kirchhoff}, R. and {Kissel}, J.~S. and {Kleybolte}, L. and {Klimenko}, S. and {Knowles}, T.~D. and {Knyazev}, E. and {Koch}, P. and {Koehlenbeck}, S.~M. and {Koekoek}, G. and {Koley}, S. and {Kolstein}, M. and {Komori}, K. and {Kondrashov}, V. and {Kontos}, A. and {Koper}, N. and {Korobko}, M. and {Korth}, W.~Z. and {Kovalam}, M. and {Kozak}, D.~B. and {Kr{\"a}mer}, C. and {Kringel}, V. and {Krishnendu}, N.~V. and {Kr{\'o}lak}, A. and {Kuehn}, G. and {Kumar}, A. and {Kumar}, P. and {Kumar}, Rahul and {Kumar}, Rakesh and {Kuns}, K. and {Kwang}, S. and {Lackey}, B.~D. and {Laghi}, D. and {Lalande}, E. and {Lam}, T.~L. and {Lamberts}, A. and {Landry}, M. and {Lane}, B.~B. and {Lang}, R.~N. and {Lange}, J. and {Lantz}, B. and {Lanza}, R.~K. and {La Rosa}, I. and {Lartaux-Vollard}, A. and {Lasky}, P.~D. and {Laxen}, M. and {Lazzarini}, A. and {Lazzaro}, C. and {Leaci}, P. and {Leavey}, S. and {Lecoeuche}, Y.~K. and {Lee}, H.~M. and {Lee}, H.~W. and {Lee}, J. and {Lee}, K. and {Lehmann}, J. and {Leon}, E. and {Leroy}, N. and {Letendre}, N. and {Levin}, Y. and {Li}, A. and {Li}, J. and {Li}, K.~J.~L. and {Li}, T.~G.~F. and {Li}, X. and {Linde}, F. and {Linker}, S.~D. and {Linley}, J.~N. and {Littenberg}, T.~B. and {Liu}, J. and {Liu}, X. and {Llorens-Monteagudo}, M. and {Lo}, R.~K.~L. and {Lockwood}, A. and {London}, L.~T. and {Longo}, A. and {Lorenzini}, M. and {Loriette}, V. and {Lormand}, M. and {Losurdo}, G. and {Lough}, J.~D. and {Lousto}, C.~O. and {Lovelace}, G. and {L{\"u}ck}, H. and {Lumaca}, D. and {Lundgren}, A.~P. and {Ma}, Y. and {Macas}, R. and {MacInnis}, M. and {Macleod}, D.~M. and {MacMillan}, I.~A.~O. and {Macquet}, A. and {Maga{\~n}a Hernandez}, I. and {Maga{\~n}a-Sandoval}, F. and {Magazz{\`u}}, C. and {Magee}, R.~M. and {Majorana}, E. and {Maksimovic}, I. and {Maliakal}, S. and {Malik}, A. and {Man}, N. and {Mandic}, V. and {Mangano}, V. and {Mansell}, G.~L. and {Manske}, M. and {Mantovani}, M. and {Mapelli}, M. and {Marchesoni}, F. and {Marion}, F. and {M{\'a}rka}, S. and {M{\'a}rka}, Z. and {Markakis}, C. and {Markosyan}, A.~S. and {Markowitz}, A. and {Maros}, E. and {Marquina}, A. and {Marsat}, S. and {Martelli}, F. and {Martin}, I.~W. and {Martin}, R.~M. and {Martinez}, M. and {Martinez}, V. and {Martynov}, D.~V. and {Masalehdan}, H. and {Mason}, K. and {Massera}, E. and {Masserot}, A. and {Massinger}, T.~J. and {Masso-Reid}, M. and {Mastrogiovanni}, S. and {Matas}, A. and {Mateu-Lucena}, M. and {Matichard}, F. and {Matiushechkina}, M. and {Mavalvala}, N. and {Maynard}, E. and {McCann}, J.~J. and {McCarthy}, R. and {McClelland}, D.~E. and {McCormick}, S. and {McCuller}, L. and {McGuire}, S.~C. and {McIsaac}, C. and {McIver}, J. and {McManus}, D.~J. and {McRae}, T. and {McWilliams}, S.~T. and {Meacher}, D. and {Meadors}, G.~D. and {Mehmet}, M. and {Mehta}, A.~K. and {Melatos}, A. and {Melchor}, D.~A. and {Mendell}, G. and {Menendez-Vazquez}, A. and {Mercer}, R.~A. and {Mereni}, L. and {Merfeld}, K. and {Merilh}, E.~L. and {Merritt}, J.~D. and {Merzougui}, M. and {Meshkov}, S. and {Messenger}, C. and {Messick}, C. and {Metzdorff}, R. and {Meyers}, P.~M. and {Meylahn}, F. and {Mhaske}, A. and {Miani}, A. and {Miao}, H. and {Michaloliakos}, I. and {Michel}, C. and {Middleton}, H. and {Milano}, L. and {Miller}, A.~L. and {Miller}, S. and {Millhouse}, M. and {Mills}, J.~C. and {Milotti}, E. and {Milovich-Goff}, M.~C. and {Minazzoli}, O. and {Minenkov}, Y. and {Mir}, Ll. M. and {Mishkin}, A. and {Mishra}, C. and {Mistry}, T. and {Mitra}, S. and {Mitrofanov}, V.~P. and {Mitselmakher}, G. and {Mittleman}, R. and {Mo}, G. and {Mogushi}, K. and {Mohapatra}, S.~R.~P. and {Mohite}, S.~R. and {Molina}, I. and {Molina-Ruiz}, M. and {Mondin}, M. and {Montani}, M. and {Moore}, C.~J. and {Moraru}, D. and {Morawski}, F. and {Moreno}, G. and {Morisaki}, S. and {Mours}, B. and {Mow-Lowry}, C.~M. and {Mozzon}, S. and {Muciaccia}, F. and {Mukherjee}, Arunava and {Mukherjee}, D. and {Mukherjee}, Soma and {Mukherjee}, Subroto and {Mukund}, N. and {Mullavey}, A. and {Munch}, J. and {Mu{\~n}iz}, E.~A. and {Murray}, P.~G. and {Nadji}, S.~L. and {Nagar}, A. and {Nardecchia}, I. and {Naticchioni}, L. and {Nayak}, R.~K. and {Neil}, B.~F. and {Neilson}, J. and {Nelemans}, G. and {Nelson}, T.~J.~N. and {Nery}, M. and {Neunzert}, A. and {Ng}, K.~Y. and {Ng}, S. and {Nguyen}, C. and {Nguyen}, P. and {Nguyen}, T. and {Nichols}, S.~A. and {Nissanke}, S. and {Nocera}, F. and {Noh}, M. and {North}, C. and {Nothard}, D. and {Nuttall}, L.~K. and {Oberling}, J. and {O'Brien}, B.~D. and {O'Dell}, J. and {Oganesyan}, G. and {Ogin}, G.~H. and {Oh}, J.~J. and {Oh}, S.~H. and {Ohme}, F. and {Ohta}, H. and {Okada}, M.~A. and {Olivetto}, C. and {Oppermann}, P. and {Oram}, R.~J. and {O'Reilly}, B. and {Ormiston}, R.~G. and {Ormsby}, N. and {Ortega}, L.~F. and {O'Shaughnessy}, R. and {Ossokine}, S. and {Osthelder}, C. and {Ottaway}, D.~J. and {Overmier}, H. and {Owen}, B.~J. and {Pace}, A.~E. and {Pagano}, G. and {Page}, M.~A. and {Pagliaroli}, G. and {Pai}, A. and {Pai}, S.~A. and {Palamos}, J.~R. and {Palashov}, O. and {Palomba}, C. and {Pan}, H. and {Panda}, P.~K. and {Pang}, T.~H. and {Pankow}, C. and {Pannarale}, F. and {Pant}, B.~C. and {Paoletti}, F. and {Paoli}, A. and {Paolone}, A. and {Parker}, W. and {Pascucci}, D. and {Pasqualetti}, A. and {Passaquieti}, R. and {Passuello}, D. and {Patel}, M. and {Patricelli}, B. and {Payne}, E. and {Pechsiri}, T.~C. and {Pedraza}, M. and {Pegoraro}, M. and {Pele}, A. and {Penn}, S. and {Perego}, A. and {Perez}, C.~J. and {P{\'e}rigois}, C. and {Perreca}, A. and {Perri{\`e}s}, S. and {Petermann}, J. and {Petterson}, D. and {Pfeiffer}, H.~P. and {Pham}, K.~A. and {Phukon}, K.~S. and {Piccinni}, O.~J. and {Pichot}, M. and {Piendibene}, M. and {Piergiovanni}, F. and {Pierini}, L. and {Pierro}, V. and {Pillant}, G. and {Pilo}, F. and {Pinard}, L. and {Pinto}, I.~M. and {Piotrzkowski}, K. and {Pirello}, M. and {Pitkin}, M. and {Placidi}, E. and {Plastino}, W. and {Pluchar}, C. and {Poggiani}, R. and {Polini}, E. and {Pong}, D.~Y.~T. and {Ponrathnam}, S. and {Popolizio}, P. and {Porter}, E.~K. and {Poverman}, A. and {Powell}, J. and {Pracchia}, M. and {Prajapati}, A.~K. and {Prasai}, K. and {Prasanna}, R. and {Pratten}, G. and {Prestegard}, T. and {Principe}, M. and {Prodi}, G.~A. and {Prokhorov}, L. and {Prosposito}, P. and {Puecher}, A. and {Punturo}, M. and {Puosi}, F. and {Puppo}, P. and {P{\"u}rrer}, M. and {Qi}, H. and {Quetschke}, V. and {Quinonez}, P.~J. and {Quitzow-James}, R. and {Raab}, F.~J. and {Raaijmakers}, G. and {Radkins}, H. and {Radulesco}, N. and {Raffai}, P. and {Rafferty}, H. and {Rail}, S.~X. and {Raja}, S. and {Rajan}, C. and {Rajbhandari}, B. and {Rakhmanov}, M. and {Ramirez}, K.~E. and {Ramirez}, T.~D. and {Ramos-Buades}, A. and {Rana}, J. and {Rao}, K. and {Rapagnani}, P. and {Rapol}, U.~D. and {Ratto}, B. and {Raymond}, V. and {Razzano}, M. and {Read}, J. and {Regimbau}, T. and {Rei}, L. and {Reid}, S. and {Reitze}, D.~H. and {Rettegno}, P. and {Ricci}, F. and {Richardson}, C.~J. and {Richardson}, J.~W. and {Richardson}, L. and {Ricker}, P.~M. and {Riemenschneider}, G. and {Riles}, K. and {Rizzo}, M. and {Robertson}, N.~A. and {Robinet}, F. and {Rocchi}, A. and {Rocha}, J.~A. and {Rodriguez}, S. and {Rodriguez-Soto}, R.~D. and {Rolland}, L. and {Rollins}, J.~G. and {Roma}, V.~J. and {Romanelli}, M. and {Romano}, R. and {Romel}, C.~L. and {Romero}, A. and {Romero-Shaw}, I.~M. and {Romie}, J.~H. and {Ronchini}, S. and {Rose}, C.~A. and {Rose}, D. and {Rose}, K. and {Rosell}, M.~J.~B. and {Rosi{\'n}ska}, D. and {Rosofsky}, S.~G. and {Ross}, M.~P. and {Rowan}, S. and {Rowlinson}, S.~J. and {Roy}, Santosh and {Roy}, Soumen and {Ruggi}, P. and {Ryan}, K. and {Sachdev}, S. and {Sadecki}, T. and {Sakellariadou}, M. and {Salafia}, O.~S. and {Salconi}, L. and {Saleem}, M. and {Samajdar}, A. and {Sanchez}, E.~J. and {Sanchez}, J.~H. and {Sanchez}, L.~E. and {Sanchis-Gual}, N. and {Sanders}, J.~R. and {Santiago}, K.~A. and {Santos}, E. and {Saravanan}, T.~R. and {Sarin}, N. and {Sassolas}, B. and {Sathyaprakash}, B.~S. and {Sauter}, O. and {Savage}, R.~L. and {Savant}, V. and {Sawant}, D. and {Sayah}, S. and {Schaetzl}, D. and {Schale}, P. and {Scheel}, M. and {Scheuer}, J. and {Schindler-Tyka}, A. and {Schmidt}, P. and {Schnabel}, R. and {Schofield}, R.~M.~S. and {Sch{\"o}nbeck}, A. and {Schreiber}, E. and {Schulte}, B.~W. and {Schutz}, B.~F. and {Schwarm}, O. and {Schwartz}, E. and {Scott}, J. and {Scott}, S.~M. and {Seglar-Arroyo}, M. and {Seidel}, E. and {Sellers}, D. and {Sengupta}, A.~S. and {Sennett}, N. and {Sentenac}, D. and {Sequino}, V. and {Sergeev}, A. and {Setyawati}, Y. and {Shaffer}, T. and {Shahriar}, M.~S. and {Sharifi}, S. and {Sharma}, A. and {Sharma}, P. and {Shawhan}, P. and {Shen}, H. and {Shikauchi}, M. and {Shink}, R. and {Shoemaker}, D.~H. and {Shoemaker}, D.~M. and {Shukla}, K. and {ShyamSundar}, S. and {Sieniawska}, M. and {Sigg}, D. and {Singer}, L.~P. and {Singh}, D. and {Singh}, N. and {Singha}, A. and {Singhal}, A. and {Sintes}, A.~M. and {Sipala}, V. and {Skliris}, V. and {Slagmolen}, B.~J.~J. and {Slaven-Blair}, T.~J. and {Smetana}, J. and {Smith}, J.~R. and {Smith}, R.~J.~E. and {Somala}, S.~N. and {Son}, E.~J. and {Soni}, S. and {Sorazu}, B. and {Sordini}, V. and {Sorrentino}, F. and {Sorrentino}, N. and {Soulard}, R. and {Souradeep}, T. and {Sowell}, E. and {Spencer}, A.~P. and {Spera}, M. and {Srivastava}, A.~K. and {Srivastava}, V. and {Staats}, K. and {Stachie}, C. and {Steer}, D.~A. and {Steinke}, M. and {Steinlechner}, J. and {Steinlechner}, S. and {Steinmeyer}, D. and {Stevenson}, S.~P. and {Stolle-McAllister}, G. and {Stops}, D.~J. and {Stover}, M. and {Strain}, K.~A. and {Stratta}, G. and {Strunk}, A. and {Sturani}, R. and {Stuver}, A.~L. and {S{\"u}dbeck}, J. and {Sudhagar}, S. and {Sudhir}, V. and {Suh}, H.~G. and {Summerscales}, T.~Z. and {Sun}, H. and {Sun}, L. and {Sunil}, S. and {Sur}, A. and {Suresh}, J. and {Sutton}, P.~J. and {Swinkels}, B.~L. and {Szczepa{\'n}czyk}, M.~J. and {Tacca}, M. and {Tait}, S.~C. and {Talbot}, C. and {Tanasijczuk}, A.~J. and {Tanner}, D.~B. and {Tao}, D. and {Tapia}, A. and {Tapia San Martin}, E.~N. and {Tasson}, J.~D. and {Taylor}, R. and {Tenorio}, R. and {Terkowski}, L. and {Thirugnanasambandam}, M.~P. and {Thomas}, L. and {Thomas}, M. and {Thomas}, P. and {Thompson}, J.~E. and {Thondapu}, S.~R. and {Thorne}, K.~A. and {Thrane}, E. and {Tiwari}, Shubhanshu and {Tiwari}, Srishti and {Tiwari}, V. and {Toland}, K. and {Tolley}, A.~E. and {Tonelli}, M. and {Tornasi}, Z. and {Torres-Forn{\'e}}, A. and {Torrie}, C.~I. and {Tosta e Melo}, I. and {T{\"o}yr{\"a}}, D. and {Tran}, A.~T. and {Trapananti}, A. and {Travasso}, F. and {Traylor}, G. and {Tringali}, M.~C. and {Tripathee}, A. and {Trovato}, A. and {Trudeau}, R.~J. and {Tsai}, D.~S. and {Tsang}, K.~W. and {Tse}, M. and {Tso}, R. and {Tsukada}, L. and {Tsuna}, D. and {Tsutsui}, T. and {Turconi}, M. and {Ubhi}, A.~S. and {Udall}, R.~P. and {Ueno}, K. and {Ugolini}, D. and {Unnikrishnan}, C.~S. and {Urban}, A.~L. and {Usman}, S.~A. and {Utina}, A.~C. and {Vahlbruch}, H. and {Vajente}, G. and {Vajpeyi}, A. and {Valdes}, G. and {Valentini}, M. and {Valsan}, V. and {van Bakel}, N. and {Beuzekom}, M. van and {van den Brand}, J.~F.~J. and {Van Den Broeck}, C. and {Vander-Hyde}, D.~C. and {van der Schaaf}, L. and {van Heijningen}, J.~V. and {Vardaro}, M. and {Vargas}, A.~F. and {Varma}, V. and {Vass}, S. and {Vas{\'u}th}, M. and {Vecchio}, A. and {Vedovato}, G. and {Veitch}, J. and {Veitch}, P.~J. and {Venkateswara}, K. and {Venneberg}, J. and {Venugopalan}, G. and {Verkindt}, D. and {Verma}, Y. and {Veske}, D. and {Vetrano}, F. and {Vicer{\'e}}, A. and {Viets}, A.~D. and {Villa-Ortega}, V. and {Vinet}, J. -Y. and {Vitale}, S. and {Vo}, T. and {Vocca}, H. and {Vorvick}, C. and {Vyatchanin}, S.~P. and {Wade}, A.~R. and {Wade}, L.~E. and {Wade}, M. and {Walet}, R.~C. and {Walker}, M. and {Wallace}, G.~S. and {Wallace}, L. and {Walsh}, S. and {Wang}, J.~Z. and {Wang}, S. and {Wang}, W.~H. and {Wang}, Y.~F. and {Ward}, R.~L. and {Warner}, J. and {Was}, M. and {Washington}, N.~Y. and {Watchi}, J. and {Weaver}, B. and {Wei}, L. and {Weinert}, M. and {Weinstein}, A.~J. and {Weiss}, R. and {Wellmann}, F. and {Wen}, L. and {We{\ss}els}, P. and {Westhouse}, J.~W. and {Wette}, K. and {Whelan}, J.~T. and {White}, D.~D. and {White}, L.~V. and {Whiting}, B.~F. and {Whittle}, C. and {Wilken}, D.~M. and {Williams}, D. and {Williams}, M.~J. and {Williamson}, A.~R. and {Willis}, J.~L. and {Willke}, B. and {Wilson}, D.~J. and {Wimmer}, M.~H. and {Winkler}, W. and {Wipf}, C.~C. and {Woan}, G. and {Woehler}, J. and {Wofford}, J.~K. and {Wong}, I.~C.~F. and {Wrangel}, J. and {Wright}, J.~L. and {Wu}, D.~S. and {Wysocki}, D.~M. and {Xiao}, L. and {Yamamoto}, H. and {Yang}, L. and {Yang}, Y. and {Yang}, Z. and {Yap}, M.~J. and {Yeeles}, D.~W. and {Yoon}, A. and {Yu}, Hang and {Yu}, Haocun and {Yuen}, S.~H.~R. and {Zadro{\.z}ny}, A. and {Zanolin}, M. and {Zelenova}, T. and {Zendri}, J. -P. and {Zevin}, M. and {Zhang}, J. and {Zhang}, L. and {Zhang}, R. and {Zhang}, T. and {Zhao}, C. and {Zhao}, G. and {Zhou}, M. and {Zhou}, Z. and {Zhu}, X.~J. and {Zimmerman}, A.~B. and {Zucker}, M.~E. and {Zweizig}, J. and {LIGO Scientific Collaboration} and {Virgo Collaboration}},
        title = "{Population Properties of Compact Objects from the Second LIGO-Virgo Gravitational-Wave Transient Catalog}",
      journal = {\apjl},
     keywords = {Gravitational waves, Astrophysical black holes, Stellar mass black holes, Massive stars, Compact objects, Bayesian statistics, 678, 98, 1611, 732, 288, 1900, Astrophysics - High Energy Astrophysical Phenomena, General Relativity and Quantum Cosmology},
         year = 2021,
        month = may,
       volume = {913},
       number = {1},
          eid = {L7},
        pages = {L7},
          doi = {10.3847/2041-8213/abe949},
archivePrefix = {arXiv},
       eprint = {2010.14533},
 primaryClass = {astro-ph.HE},
       adsurl = {https://ui.adsabs.harvard.edu/abs/2021ApJ...913L...7A},
      adsnote = {Provided by the SAO/NASA Astrophysics Data System}
}


@ARTICLE{farmer_etal_2016,
       author = {{Farmer}, R. and {Fields}, C.~E. and {Petermann}, I. and {Dessart}, Luc and {Cantiello}, M. and {Paxton}, B. and {Timmes}, F.~X.},
        title = "{On Variations Of Pre-supernova Model Properties}",
      journal = {\apjs},
     keywords = {stars: abundances, stars: evolution, stars: interiors, supernovae: general, Astrophysics - Solar and Stellar Astrophysics},
         year = 2016,
        month = dec,
       volume = {227},
       number = {2},
          eid = {22},
        pages = {22},
          doi = {10.3847/1538-4365/227/2/22},
archivePrefix = {arXiv},
       eprint = {1611.01207},
 primaryClass = {astro-ph.SR},
       adsurl = {https://ui.adsabs.harvard.edu/abs/2016ApJS..227...22F},
      adsnote = {Provided by the SAO/NASA Astrophysics Data System}
}

@ARTICLE{cantiello_etal_2009,
       author = {{Cantiello}, M. and {Langer}, N. and {Brott}, I. and {de Koter}, A. and {Shore}, S.~N. and {Vink}, J.~S. and {Voegler}, A. and {Lennon}, D.~J. and {Yoon}, S. -C.},
        title = "{Sub-surface convection zones in hot massive stars and their observable consequences}",
      journal = {\aap},
     keywords = {convection, stars: early-type, stars: evolution, stars: atmospheres, stars:, magnetic fields, stars: oscillations, Astrophysics - Solar and Stellar Astrophysics},
         year = 2009,
        month = may,
       volume = {499},
       number = {1},
        pages = {279-290},
          doi = {10.1051/0004-6361/200911643},
archivePrefix = {arXiv},
       eprint = {0903.2049},
 primaryClass = {astro-ph.SR},
       adsurl = {https://ui.adsabs.harvard.edu/abs/2009A&A...499..279C},
      adsnote = {Provided by the SAO/NASA Astrophysics Data System}
}

@ARTICLE{jiang_etal_2015,
       author = {{Jiang}, Yan-Fei and {Cantiello}, Matteo and {Bildsten}, Lars and {Quataert}, Eliot and {Blaes}, Omer},
        title = "{Local Radiation Hydrodynamic Simulations of Massive Star Envelopes at the Iron Opacity Peak}",
      journal = {\apj},
     keywords = {hydrodynamics, methods: numerical, radiative transfer, stars: massive, Astrophysics - Solar and Stellar Astrophysics},
         year = 2015,
        month = nov,
       volume = {813},
       number = {1},
          eid = {74},
        pages = {74},
          doi = {10.1088/0004-637X/813/1/74},
archivePrefix = {arXiv},
       eprint = {1509.05417},
 primaryClass = {astro-ph.SR},
       adsurl = {https://ui.adsabs.harvard.edu/abs/2015ApJ...813...74J},
      adsnote = {Provided by the SAO/NASA Astrophysics Data System}
}

@ARTICLE{schultz_etal_2022,
       author = {{Schultz}, William C. and {Bildsten}, Lars and {Jiang}, Yan-Fei},
        title = "{Stochastic Low-frequency Variability in Three-dimensional Radiation Hydrodynamical Models of Massive Star Envelopes}",
      journal = {\apjl},
     keywords = {1621, 1619, 1596, 1623, 299, 301, 767, 1631, Astrophysics - Solar and Stellar Astrophysics},
         year = 2022,
        month = jan,
       volume = {924},
       number = {1},
          eid = {L11},
        pages = {L11},
          doi = {10.3847/2041-8213/ac441f},
archivePrefix = {arXiv},
       eprint = {2110.13944},
 primaryClass = {astro-ph.SR},
       adsurl = {https://ui.adsabs.harvard.edu/abs/2022ApJ...924L..11S},
      adsnote = {Provided by the SAO/NASA Astrophysics Data System}
}

@ARTICLE{cantiello_etal_2021,
       author = {{Cantiello}, Matteo and {Lecoanet}, Daniel and {Jermyn}, Adam S. and {Grassitelli}, Luca},
        title = "{On the Origin of Stochastic, Low-Frequency Photometric Variability in Massive Stars}",
      journal = {\apj},
     keywords = {Asteroseismology, Stellar structures, Stellar evolution, Stellar convection envelopes, Stellar convective zones, Surface variability, Stellar magnetic fields, Internal waves, Non-radial pulsations, Stellar pulsations, Massive stars, 73, 1631, 1599, 299, 301, 2114, 1610, 819, 1117, 1625, 732, Astrophysics - Solar and Stellar Astrophysics},
         year = 2021,
        month = jul,
       volume = {915},
       number = {2},
          eid = {112},
        pages = {112},
          doi = {10.3847/1538-4357/ac03b0},
archivePrefix = {arXiv},
       eprint = {2102.05670},
 primaryClass = {astro-ph.SR},
       adsurl = {https://ui.adsabs.harvard.edu/abs/2021ApJ...915..112C},
      adsnote = {Provided by the SAO/NASA Astrophysics Data System}
}

@ARTICLE{augustson_mathis_2019,
       author = {{Augustson}, K.~C. and {Mathis}, S.},
        title = "{A Model of Rotating Convection in Stellar and Planetary Interiors. I. Convective Penetration}",
      journal = {\apj},
     keywords = {convection, instabilities, stars: evolution, stars: rotation, turbulence, waves, Astrophysics - Solar and Stellar Astrophysics, Astrophysics - Earth and Planetary Astrophysics, Physics - Fluid Dynamics},
         year = 2019,
        month = mar,
       volume = {874},
       number = {1},
          eid = {83},
        pages = {83},
          doi = {10.3847/1538-4357/ab0b3d},
archivePrefix = {arXiv},
       eprint = {1902.10593},
 primaryClass = {astro-ph.SR},
       adsurl = {https://ui.adsabs.harvard.edu/abs/2019ApJ...874...83A},
      adsnote = {Provided by the SAO/NASA Astrophysics Data System}
}

@ARTICLE{schultz_etal_2020,
       author = {{Schultz}, William C. and {Bildsten}, Lars and {Jiang}, Yan-Fei},
        title = "{Convectively Driven 3D Turbulence in Massive Star Envelopes. I. A 1D Implementation of Diffusive Radiative Transport}",
      journal = {\apj},
     keywords = {Stellar convection envelopes, Stellar convective shells, Stellar processes, Stellar physics, Stellar structures, Stellar surfaces, Stellar photospheres, 299, 300, 1623, 1621, 1631, 1632, 1237, Astrophysics - Solar and Stellar Astrophysics},
         year = 2020,
        month = oct,
       volume = {902},
       number = {1},
          eid = {67},
        pages = {67},
          doi = {10.3847/1538-4357/abb405},
archivePrefix = {arXiv},
       eprint = {2009.01238},
 primaryClass = {astro-ph.SR},
       adsurl = {https://ui.adsabs.harvard.edu/abs/2020ApJ...902...67S},
      adsnote = {Provided by the SAO/NASA Astrophysics Data System}
}

@ARTICLE{anders_brown_2017,
       author = {{Anders}, Evan H. and {Brown}, Benjamin P.},
        title = "{Convective heat transport in stratified atmospheres at low and high Mach number}",
      journal = {\prf},
     keywords = {Physics - Fluid Dynamics, Astrophysics - Earth and Planetary Astrophysics, Astrophysics - Solar and Stellar Astrophysics},
         year = 2017,
        month = aug,
       volume = {2},
       number = {8},
          eid = {083501},
        pages = {083501},
          doi = {10.1103/PhysRevFluids.2.083501},
archivePrefix = {arXiv},
       eprint = {1611.06580},
 primaryClass = {physics.flu-dyn},
       adsurl = {https://ui.adsabs.harvard.edu/abs/2017PhRvF...2h3501A},
      adsnote = {Provided by the SAO/NASA Astrophysics Data System}
}

@ARTICLE{jermyn_etal_2022_window,
       author = {{Jermyn}, Adam S. and {Anders}, Evan H. and {Cantiello}, Matteo},
        title = "{A Transparent Window into Early-type Stellar Variability}",
      journal = {\apj},
     keywords = {1621, 2046, 301, Astrophysics - Solar and Stellar Astrophysics},
         year = 2022,
        month = feb,
       volume = {926},
       number = {2},
          eid = {221},
        pages = {221},
          doi = {10.3847/1538-4357/ac4e89},
archivePrefix = {arXiv},
       eprint = {2201.10567},
 primaryClass = {astro-ph.SR},
       adsurl = {https://ui.adsabs.harvard.edu/abs/2022ApJ...926..221J},
      adsnote = {Provided by the SAO/NASA Astrophysics Data System}
}

@ARTICLE{rosu_etal_2022,
       author = {{Rosu}, S. and {Rauw}, G. and {Naz{\'e}}, Y. and {Gosset}, E. and {Sterken}, C.},
        title = "{Apsidal motion in massive eccentric binaries: The case of CPD-41{\textdegree} 7742, and HD 152218 revisited}",
      journal = {\aap},
     keywords = {binaries: eclipsing, stars: evolution, stars: individual: CPD-41{\textdegree} 7742, stars: individual: HD 152218, stars: massive, binaries: spectroscopic, Astrophysics - Solar and Stellar Astrophysics},
         year = 2022,
        month = aug,
       volume = {664},
          eid = {A98},
        pages = {A98},
          doi = {10.1051/0004-6361/202243707},
archivePrefix = {arXiv},
       eprint = {2205.11207},
 primaryClass = {astro-ph.SR},
       adsurl = {https://ui.adsabs.harvard.edu/abs/2022A&A...664A..98R},
      adsnote = {Provided by the SAO/NASA Astrophysics Data System}
}


@ARTICLE{higgins_vink_2019,
       author = {{Higgins}, Erin R. and {Vink}, Jorick S.},
        title = "{Massive star evolution: rotation, winds, and overshooting vectors in the mass-luminosity plane. I. A calibrated grid of rotating single star models}",
      journal = {\aap},
     keywords = {stars: massive, stars: mass-loss, stars: evolution, stars: rotation, stars: luminosity function, mass function, stars: early-type, Astrophysics - Solar and Stellar Astrophysics},
         year = 2019,
        month = feb,
       volume = {622},
          eid = {A50},
        pages = {A50},
          doi = {10.1051/0004-6361/201834123},
archivePrefix = {arXiv},
       eprint = {1811.12190},
 primaryClass = {astro-ph.SR},
       adsurl = {https://ui.adsabs.harvard.edu/abs/2019A&A...622A..50H},
      adsnote = {Provided by the SAO/NASA Astrophysics Data System}
}

@ARTICLE{julien_etal_1996,
       author = {{Julien}, Keith and {Legg}, Sonya and {McWilliams}, Jim and {Werne}, Joseph},
        title = "{Penetrative convection in rapidly rotating flows: preliminary results from numerical simulation}",
      journal = {DAO},
         year = 1996,
        month = jan,
       volume = {24},
       number = {1},
        pages = {237-249},
          doi = {10.1016/0377-0265(95)00449-1},
       adsurl = {https://ui.adsabs.harvard.edu/abs/1996DyAtO..24..237J},
      adsnote = {Provided by the SAO/NASA Astrophysics Data System}
}

@ARTICLE{edelmann_etal_2019,
       author = {{Edelmann}, P.~V.~F. and {Ratnasingam}, R.~P. and {Pedersen}, M.~G. and {Bowman}, D.~M. and {Prat}, V. and {Rogers}, T.~M.},
        title = "{Three-dimensional Simulations of Massive Stars. I. Wave Generation and Propagation}",
      journal = {\apj},
     keywords = {convection, hydrodynamics, stars: interiors, waves, Astrophysics - Solar and Stellar Astrophysics},
         year = 2019,
        month = may,
       volume = {876},
       number = {1},
          eid = {4},
        pages = {4},
          doi = {10.3847/1538-4357/ab12df},
archivePrefix = {arXiv},
       eprint = {1903.09392},
 primaryClass = {astro-ph.SR},
       adsurl = {https://ui.adsabs.harvard.edu/abs/2019ApJ...876....4E},
      adsnote = {Provided by the SAO/NASA Astrophysics Data System}
}

@ARTICLE{horst_etal_2020,
       author = {{Horst}, L. and {Edelmann}, P.~V.~F. and {Andr{\'a}ssy}, R. and {R{\"o}pke}, F.~K. and {Bowman}, D.~M. and {Aerts}, C. and {Ratnasingam}, R.~P.},
        title = "{Fully compressible simulations of waves and core convection in main-sequence stars}",
      journal = {\aap},
     keywords = {hydrodynamics, methods: numerical, stars: interiors, convection, waves, Astrophysics - Solar and Stellar Astrophysics},
         year = 2020,
        month = sep,
       volume = {641},
          eid = {A18},
        pages = {A18},
          doi = {10.1051/0004-6361/202037531},
archivePrefix = {arXiv},
       eprint = {2006.03011},
 primaryClass = {astro-ph.SR},
       adsurl = {https://ui.adsabs.harvard.edu/abs/2020A&A...641A..18H},
      adsnote = {Provided by the SAO/NASA Astrophysics Data System}
}

@BOOK{aerts2010,
       author = {{Aerts}, Conny and {Christensen-Dalsgaard}, J{\o}rgen and {Kurtz}, Donald W.},
        title = "{Asteroseismology}",
         year = 2010,
       adsurl = {https://ui.adsabs.harvard.edu/abs/2010aste.book.....A},
      adsnote = {Provided by the SAO/NASA Astrophysics Data System}
}

@ARTICLE{vanson_etal_2022,
       author = {{van Son}, L.~A.~C. and {de Mink}, S.~E. and {Renzo}, M. and {Justham}, S. and {Zapartas}, E. and {Breivik}, K. and {Callister}, T. and {Farr}, W.~M. and {Conroy}, C.},
        title = "{No peaks without valleys: The stable mass transfer channel for gravitational-wave sources in light of the neutron star-black hole mass gap}",
      journal = { },
     keywords = {Astrophysics - High Energy Astrophysical Phenomena},
         year = 2022,
        month = sep,
          eid = {arXiv:2209.13609},
        pages = {arXiv:2209.13609},
archivePrefix = {arXiv},
       eprint = {2209.13609},
 primaryClass = {astro-ph.HE},
       adsurl = {https://ui.adsabs.harvard.edu/abs/2022arXiv220913609V},
      adsnote = {Provided by the SAO/NASA Astrophysics Data System}
}

@ARTICLE{farmer_etal_2019,
       author = {{Farmer}, R. and {Renzo}, M. and {de Mink}, S.~E. and {Marchant}, P. and {Justham}, S.},
        title = "{Mind the Gap: The Location of the Lower Edge of the Pair-instability Supernova Black Hole Mass Gap}",
      journal = {\apj},
     keywords = {Massive stars, Stellar mass loss, Supernovae, Astrophysical black holes, Stellar mass black holes, Stellar evolution, 732, 1613, 1668, 98, 1611, 1599, Astrophysics - Solar and Stellar Astrophysics, Astrophysics - High Energy Astrophysical Phenomena},
         year = 2019,
        month = dec,
       volume = {887},
       number = {1},
          eid = {53},
        pages = {53},
          doi = {10.3847/1538-4357/ab518b},
archivePrefix = {arXiv},
       eprint = {1910.12874},
 primaryClass = {astro-ph.SR},
       adsurl = {https://ui.adsabs.harvard.edu/abs/2019ApJ...887...53F},
      adsnote = {Provided by the SAO/NASA Astrophysics Data System}
}

@ARTICLE{rizzuti_etal_2022,
       author = {{Rizzuti}, F. and {Hirschi}, R. and {Georgy}, C. and {Arnett}, W.~D. and {Meakin}, C. and {Murphy}, A. StJ},
        title = "{Realistic 3D hydrodynamics simulations find significant turbulent entrainment in massive stars}",
      journal = {\mnras},
     keywords = {convection, hydrodynamics, turbulence, stars: evolution, stars: interiors, stars: massive, Astrophysics - Solar and Stellar Astrophysics},
         year = 2022,
        month = sep,
       volume = {515},
       number = {3},
        pages = {4013-4019},
          doi = {10.1093/mnras/stac1981},
archivePrefix = {arXiv},
       eprint = {2207.03223},
 primaryClass = {astro-ph.SR},
       adsurl = {https://ui.adsabs.harvard.edu/abs/2022MNRAS.515.4013R},
      adsnote = {Provided by the SAO/NASA Astrophysics Data System}
}

@ARTICLE{staritsin_2013,
       author = {{Staritsin}, E.~I.},
        title = "{Turbulent entrainment at the boundaries of the convective cores of main-sequence stars}",
      journal = {Astronomy Reports},
         year = 2013,
        month = may,
       volume = {57},
       number = {5},
        pages = {380-390},
          doi = {10.1134/S1063772913050089},
       adsurl = {https://ui.adsabs.harvard.edu/abs/2013ARep...57..380S},
      adsnote = {Provided by the SAO/NASA Astrophysics Data System}
}

@ARTICLE{scott_etal_2021,
       author = {{Scott}, L.~J.~A. and {Hirschi}, R. and {Georgy}, C. and {Arnett}, W.~D. and {Meakin}, C. and {Kaiser}, E.~A. and {Ekstr{\"o}m}, S. and {Yusof}, N.},
        title = "{Convective core entrainment in 1D main-sequence stellar models}",
      journal = {\mnras},
     keywords = {convection, turbulence, stars: evolution, stars: Hertzsprung-Russell and colour-magnitude diagrams, stars: interiors, Astrophysics - Solar and Stellar Astrophysics},
         year = 2021,
        month = may,
       volume = {503},
       number = {3},
        pages = {4208-4220},
          doi = {10.1093/mnras/stab752},
archivePrefix = {arXiv},
       eprint = {2103.06196},
 primaryClass = {astro-ph.SR},
       adsurl = {https://ui.adsabs.harvard.edu/abs/2021MNRAS.503.4208S},
      adsnote = {Provided by the SAO/NASA Astrophysics Data System}
}

@ARTICLE{yadav_etal_2016,
       author = {{Yadav}, Rakesh K. and {Christensen}, Ulrich R. and {Wolk}, Scott J. and {Poppenhaeger}, Katja},
        title = "{Magnetic Cycles in a Dynamo Simulation of Fully Convective M-star Proxima Centauri}",
      journal = {\apjl},
     keywords = {dynamo, methods: numerical, stars: individual: Proxima Cen, stars: interiors, stars: low-mass, stars: magnetic field, Astrophysics - Solar and Stellar Astrophysics},
         year = 2016,
        month = dec,
       volume = {833},
       number = {2},
          eid = {L28},
        pages = {L28},
          doi = {10.3847/2041-8213/833/2/L28},
archivePrefix = {arXiv},
       eprint = {1610.02721},
 primaryClass = {astro-ph.SR},
       adsurl = {https://ui.adsabs.harvard.edu/abs/2016ApJ...833L..28Y},
      adsnote = {Provided by the SAO/NASA Astrophysics Data System}
}

@ARTICLE{aerts_etal_2021,
       author = {{Aerts}, C. and {Augustson}, K. and {Mathis}, S. and {Pedersen}, M.~G. and {Mombarg}, J.~S.~G. and {Vanlaer}, V. and {Van Beeck}, J. and {Van Reeth}, T.},
        title = "{Rossby numbers and stiffness values inferred from gravity-mode asteroseismology of rotating F- and B-type dwarfs. Consequences for mixing, transport, magnetism, and convective penetration}",
      journal = {\aap},
     keywords = {waves, asteroseismology, convection, stars: interiors, stars: rotation, stars: oscillations, Astrophysics - Solar and Stellar Astrophysics, Physics - Fluid Dynamics},
         year = 2021,
        month = dec,
       volume = {656},
          eid = {A121},
        pages = {A121},
          doi = {10.1051/0004-6361/202142151},
archivePrefix = {arXiv},
       eprint = {2110.06220},
 primaryClass = {astro-ph.SR},
       adsurl = {https://ui.adsabs.harvard.edu/abs/2021A&A...656A.121A},
      adsnote = {Provided by the SAO/NASA Astrophysics Data System}
}

@ARTICLE{baraffe_etal_2021,
       author = {{Baraffe}, I. and {Pratt}, J. and {Vlaykov}, D.~G. and {Guillet}, T. and {Goffrey}, T. and {Le Saux}, A. and {Constantino}, T.},
        title = "{Two-dimensional simulations of solar-like models with artificially enhanced luminosity. I. Impact on convective penetration}",
      journal = {\aap},
     keywords = {convection, hydrodynamics, instabilities, stars: evolution, Astrophysics - Solar and Stellar Astrophysics},
         year = 2021,
        month = oct,
       volume = {654},
          eid = {A126},
        pages = {A126},
          doi = {10.1051/0004-6361/202140441},
archivePrefix = {arXiv},
       eprint = {2109.00943},
 primaryClass = {astro-ph.SR},
       adsurl = {https://ui.adsabs.harvard.edu/abs/2021A&A...654A.126B},
      adsnote = {Provided by the SAO/NASA Astrophysics Data System}
}

@article{hazari_etal_2010,
    title = "Connecting high school physics experiences, outcome expectations, physics identity, and physics career choice: A gender study",
    author = "Zahra Hazari and Gerhard Sonnert and Philip M. Sadler and Marie-Claire Shanahan",
    journal = "Journal of Research in Science Teaching",
    year = "2010",
    volume = "47",
    pages = "978--1003"
}

@article{kelly_2016,
  title = {Social cognitive perspective of gender disparities in undergraduate physics},
  author = {Kelly, Angela M.},
  journal = {Phys. Rev. Phys. Educ. Res.},
  volume = {12},
  issue = {2},
  pages = {020116},
  numpages = {13},
  year = {2016},
  month = {Aug},
  publisher = {American Physical Society},
  doi = {10.1103/PhysRevPhysEducRes.12.020116},
  url = {https://link.aps.org/doi/10.1103/PhysRevPhysEducRes.12.020116}
}

@ARTICLE{gaia_2018,
       author = {{Gaia Collab.} and {Babusiaux}, C. and {van Leeuwen}, F. and {Barstow}, M.~A. and {Jordi}, C. and {Vallenari}, A. and {Bossini}, D. and {Bressan}, A. and {Cantat-Gaudin}, T. and {van Leeuwen}, M. and {Brown}, A.~G.~A. and {Prusti}, T. and {de Bruijne}, J.~H.~J. and {Bailer-Jones}, C.~A.~L. and {Biermann}, M. and {Evans}, D.~W. and {Eyer}, L. and {Jansen}, F. and {Klioner}, S.~A. and {Lammers}, U. and {Lindegren}, L. and {Luri}, X. and {Mignard}, F. and {Panem}, C. and {Pourbaix}, D. and {Randich}, S. and {Sartoretti}, P. and {Siddiqui}, H.~I. and {Soubiran}, C. and {Walton}, N.~A. and {Arenou}, F. and {Bastian}, U. and {Cropper}, M. and {Drimmel}, R. and {Katz}, D. and {Lattanzi}, M.~G. and {Bakker}, J. and {Cacciari}, C. and {Casta{\~n}eda}, J. and {Chaoul}, L. and {Cheek}, N. and {De Angeli}, F. and {Fabricius}, C. and {Guerra}, R. and {Holl}, B. and {Masana}, E. and {Messineo}, R. and {Mowlavi}, N. and {Nienartowicz}, K. and {Panuzzo}, P. and {Portell}, J. and {Riello}, M. and {Seabroke}, G.~M. and {Tanga}, P. and {Th{\'e}venin}, F. and {Gracia-Abril}, G. and {Comoretto}, G. and {Garcia-Reinaldos}, M. and {Teyssier}, D. and {Altmann}, M. and {Andrae}, R. and {Audard}, M. and {Bellas-Velidis}, I. and {Benson}, K. and {Berthier}, J. and {Blomme}, R. and {Burgess}, P. and {Busso}, G. and {Carry}, B. and {Cellino}, A. and {Clementini}, G. and {Clotet}, M. and {Creevey}, O. and {Davidson}, M. and {De Ridder}, J. and {Delchambre}, L. and {Dell'Oro}, A. and {Ducourant}, C. and {Fern{\'a}ndez-Hern{\'a}ndez}, J. and {Fouesneau}, M. and {Fr{\'e}mat}, Y. and {Galluccio}, L. and {Garc{\'\i}a-Torres}, M. and {Gonz{\'a}lez-N{\'u}{\~n}ez}, J. and {Gonz{\'a}lez-Vidal}, J.~J. and {Gosset}, E. and {Guy}, L.~P. and {Halbwachs}, J. -L. and {Hambly}, N.~C. and {Harrison}, D.~L. and {Hern{\'a}ndez}, J. and {Hestroffer}, D. and {Hodgkin}, S.~T. and {Hutton}, A. and {Jasniewicz}, G. and {Jean-Antoine-Piccolo}, A. and {Jordan}, S. and {Korn}, A.~J. and {Krone-Martins}, A. and {Lanzafame}, A.~C. and {Lebzelter}, T. and {L{\"o}ffler}, W. and {Manteiga}, M. and {Marrese}, P.~M. and {Mart{\'\i}n-Fleitas}, J.~M. and {Moitinho}, A. and {Mora}, A. and {Muinonen}, K. and {Osinde}, J. and {Pancino}, E. and {Pauwels}, T. and {Petit}, J. -M. and {Recio-Blanco}, A. and {Richards}, P.~J. and {Rimoldini}, L. and {Robin}, A.~C. and {Sarro}, L.~M. and {Siopis}, C. and {Smith}, M. and {Sozzetti}, A. and {S{\"u}veges}, M. and {Torra}, J. and {van Reeven}, W. and {Abbas}, U. and {Abreu Aramburu}, A. and {Accart}, S. and {Aerts}, C. and {Altavilla}, G. and {{\'A}lvarez}, M.~A. and {Alvarez}, R. and {Alves}, J. and {Anderson}, R.~I. and {Andrei}, A.~H. and {Anglada Varela}, E. and {Antiche}, E. and {Antoja}, T. and {Arcay}, B. and {Astraatmadja}, T.~L. and {Bach}, N. and {Baker}, S.~G. and {Balaguer-N{\'u}{\~n}ez}, L. and {Balm}, P. and {Barache}, C. and {Barata}, C. and {Barbato}, D. and {Barblan}, F. and {Barklem}, P.~S. and {Barrado}, D. and {Barros}, M. and {Bartholom{\'e} Mu{\~n}oz}, L. and {Bassilana}, J. -L. and {Becciani}, U. and {Bellazzini}, M. and {Berihuete}, A. and {Bertone}, S. and {Bianchi}, L. and {Bienaym{\'e}}, O. and {Blanco-Cuaresma}, S. and {Boch}, T. and {Boeche}, C. and {Bombrun}, A. and {Borrachero}, R. and {Bouquillon}, S. and {Bourda}, G. and {Bragaglia}, A. and {Bramante}, L. and {Breddels}, M.~A. and {Brouillet}, N. and {Br{\"u}semeister}, T. and {Brugaletta}, E. and {Bucciarelli}, B. and {Burlacu}, A. and {Busonero}, D. and {Butkevich}, A.~G. and {Buzzi}, R. and {Caffau}, E. and {Cancelliere}, R. and {Cannizzaro}, G. and {Carballo}, R. and {Carlucci}, T. and {Carrasco}, J.~M. and {Casamiquela}, L. and {Castellani}, M. and {Castro-Ginard}, A. and {Charlot}, P. and {Chemin}, L. and {Chiavassa}, A. and {Cocozza}, G. and {Costigan}, G. and {Cowell}, S. and {Crifo}, F. and {Crosta}, M. and {Crowley}, C. and {Cuypers}, J. and {Dafonte}, C. and {Damerdji}, Y. and {Dapergolas}, A. and {David}, P. and {David}, M. and {de Laverny}, P. and {De Luise}, F. and {De March}, R. and {de Martino}, D. and {de Souza}, R. and {de Torres}, A. and {Debosscher}, J. and {del Pozo}, E. and {Delbo}, M. and {Delgado}, A. and {Delgado}, H.~E. and {Diakite}, S. and {Diener}, C. and {Distefano}, E. and {Dolding}, C. and {Drazinos}, P. and {Dur{\'a}n}, J. and {Edvardsson}, B. and {Enke}, H. and {Eriksson}, K. and {Esquej}, P. and {Eynard Bontemps}, G. and {Fabre}, C. and {Fabrizio}, M. and {Faigler}, S. and {Falc{\~a}o}, A.~J. and {Farr{\`a}s Casas}, M. and {Federici}, L. and {Fedorets}, G. and {Fernique}, P. and {Figueras}, F. and {Filippi}, F. and {Findeisen}, K. and {Fonti}, A. and {Fraile}, E. and {Fraser}, M. and {Fr{\'e}zouls}, B. and {Gai}, M. and {Galleti}, S. and {Garabato}, D. and {Garc{\'\i}a-Sedano}, F. and {Garofalo}, A. and {Garralda}, N. and {Gavel}, A. and {Gavras}, P. and {Gerssen}, J. and {Geyer}, R. and {Giacobbe}, P. and {Gilmore}, G. and {Girona}, S. and {Giuffrida}, G. and {Glass}, F. and {Gomes}, M. and {Granvik}, M. and {Gueguen}, A. and {Guerrier}, A. and {Guiraud}, J. and {Guti{\'e}}, R. and {Haigron}, R. and {Hatzidimitriou}, D. and {Hauser}, M. and {Haywood}, M. and {Heiter}, U. and {Helmi}, A. and {Heu}, J. and {Hilger}, T. and {Hobbs}, D. and {Hofmann}, W. and {Holland}, G. and {Huckle}, H.~E. and {Hypki}, A. and {Icardi}, V. and {Jan{\ss}en}, K. and {Jevardat de Fombelle}, G. and {Jonker}, P.~G. and {Juh{\'a}sz}, {\'A}. L. and {Julbe}, F. and {Karampelas}, A. and {Kewley}, A. and {Klar}, J. and {Kochoska}, A. and {Kohley}, R. and {Kolenberg}, K. and {Kontizas}, M. and {Kontizas}, E. and {Koposov}, S.~E. and {Kordopatis}, G. and {Kostrzewa-Rutkowska}, Z. and {Koubsky}, P. and {Lambert}, S. and {Lanza}, A.~F. and {Lasne}, Y. and {Lavigne}, J. -B. and {Le Fustec}, Y. and {Le Poncin-Lafitte}, C. and {Lebreton}, Y. and {Leccia}, S. and {Leclerc}, N. and {Lecoeur-Taibi}, I. and {Lenhardt}, H. and {Leroux}, F. and {Liao}, S. and {Licata}, E. and {Lindstr{\o}m}, H.~E.~P. and {Lister}, T.~A. and {Livanou}, E. and {Lobel}, A. and {L{\'o}pez}, M. and {Managau}, S. and {Mann}, R.~G. and {Mantelet}, G. and {Marchal}, O. and {Marchant}, J.~M. and {Marconi}, M. and {Marinoni}, S. and {Marschalk{\'o}}, G. and {Marshall}, D.~J. and {Martino}, M. and {Marton}, G. and {Mary}, N. and {Massari}, D. and {Matijevi{\v{c}}}, G. and {Mazeh}, T. and {McMillan}, P.~J. and {Messina}, S. and {Michalik}, D. and {Millar}, N.~R. and {Molina}, D. and {Molinaro}, R. and {Moln{\'a}r}, L. and {Montegriffo}, P. and {Mor}, R. and {Morbidelli}, R. and {Morel}, T. and {Morris}, D. and {Mulone}, A.~F. and {Muraveva}, T. and {Musella}, I. and {Nelemans}, G. and {Nicastro}, L. and {Noval}, L. and {O'Mullane}, W. and {Ord{\'e}novic}, C. and {Ord{\'o}{\~n}ez-Blanco}, D. and {Osborne}, P. and {Pagani}, C. and {Pagano}, I. and {Pailler}, F. and {Palacin}, H. and {Palaversa}, L. and {Panahi}, A. and {Pawlak}, M. and {Piersimoni}, A.~M. and {Pineau}, F. -X. and {Plachy}, E. and {Plum}, G. and {Poggio}, E. and {Poujoulet}, E. and {Pr{\v{s}}a}, A. and {Pulone}, L. and {Racero}, E. and {Ragaini}, S. and {Rambaux}, N. and {Ramos-Lerate}, M. and {Regibo}, S. and {Reyl{\'e}}, C. and {Riclet}, F. and {Ripepi}, V. and {Riva}, A. and {Rivard}, A. and {Rixon}, G. and {Roegiers}, T. and {Roelens}, M. and {Romero-G{\'o}mez}, M. and {Rowell}, N. and {Royer}, F. and {Ruiz-Dern}, L. and {Sadowski}, G. and {Sagrist{\`a} Sell{\'e}s}, T. and {Sahlmann}, J. and {Salgado}, J. and {Salguero}, E. and {Sanna}, N. and {Santana-Ros}, T. and {Sarasso}, M. and {Savietto}, H. and {Schultheis}, M. and {Sciacca}, E. and {Segol}, M. and {Segovia}, J.~C. and {S{\'e}gransan}, D. and {Shih}, I. -C. and {Siltala}, L. and {Silva}, A.~F. and {Smart}, R.~L. and {Smith}, K.~W. and {Solano}, E. and {Solitro}, F. and {Sordo}, R. and {Soria Nieto}, S. and {Souchay}, J. and {Spagna}, A. and {Spoto}, F. and {Stampa}, U. and {Steele}, I.~A. and {Steidelm{\"u}ller}, H. and {Stephenson}, C.~A. and {Stoev}, H. and {Suess}, F.~F. and {Surdej}, J. and {Szabados}, L. and {Szegedi-Elek}, E. and {Tapiador}, D. and {Taris}, F. and {Tauran}, G. and {Taylor}, M.~B. and {Teixeira}, R. and {Terrett}, D. and {Teyssandier}, P. and {Thuillot}, W. and {Titarenko}, A. and {Torra Clotet}, F. and {Turon}, C. and {Ulla}, A. and {Utrilla}, E. and {Uzzi}, S. and {Vaillant}, M. and {Valentini}, G. and {Valette}, V. and {van Elteren}, A. and {Van Hemelryck}, E. and {Vaschetto}, M. and {Vecchiato}, A. and {Veljanoski}, J. and {Viala}, Y. and {Vicente}, D. and {Vogt}, S. and {von Essen}, C. and {Voss}, H. and {Votruba}, V. and {Voutsinas}, S. and {Walmsley}, G. and {Weiler}, M. and {Wertz}, O. and {Wevers}, T. and {Wyrzykowski}, {\L}. and {Yoldas}, A. and {{\v{Z}}erjal}, M. and {Ziaeepour}, H. and {Zorec}, J. and {Zschocke}, S. and {Zucker}, S. and {Zurbach}, C. and {Zwitter}, T.},
        title = "{Gaia Data Release 2. Observational Hertzsprung-Russell diagrams}",
      journal = {\aap},
     keywords = {parallaxes, Hertzsprung-Russell and C-M diagrams, solar neighborhood, stars: evolution, Astrophysics - Solar and Stellar Astrophysics, Astrophysics - Astrophysics of Galaxies},
         year = 2018,
        month = aug,
       volume = {616},
          eid = {A10},
        pages = {A10},
          doi = {10.1051/0004-6361/201832843},
archivePrefix = {arXiv},
       eprint = {1804.09378},
 primaryClass = {astro-ph.SR},
       adsurl = {https://ui.adsabs.harvard.edu/abs/2018A&A...616A..10G},
      adsnote = {Provided by the SAO/NASA Astrophysics Data System}
}

@ARTICLE{bohmvitense_1958,
       author = {{B{\"o}hm-Vitense}, E.},
        title = "{{\"U}ber die Wasserstoffkonvektionszone in Sternen verschiedener Effektivtemperaturen und Leuchtkr{\"a}fte. Mit 5 Textabbildungen}",
      journal = {\zap},
         year = 1958,
        month = jan,
       volume = {46},
        pages = {108},
       adsurl = {https://ui.adsabs.harvard.edu/abs/1958ZA.....46..108B},
      adsnote = {Provided by the SAO/NASA Astrophysics Data System}
}

@ARTICLE{viallet_etal_2011,
       author = {{Viallet}, M. and {Baraffe}, I. and {Walder}, R.},
        title = "{Towards a new generation of multi-dimensional stellar evolution models: development of an implicit hydrodynamic code}",
      journal = {\aap},
     keywords = {hydrodynamics, convection, methods: numerical, stars: interiors, Astrophysics - Instrumentation and Methods for Astrophysics, Astrophysics - Solar and Stellar Astrophysics},
         year = 2011,
        month = jul,
       volume = {531},
          eid = {A86},
        pages = {A86},
          doi = {10.1051/0004-6361/201016374},
archivePrefix = {arXiv},
       eprint = {1103.1524},
 primaryClass = {astro-ph.IM},
       adsurl = {https://ui.adsabs.harvard.edu/abs/2011A&A...531A..86V},
      adsnote = {Provided by the SAO/NASA Astrophysics Data System}
}

@ARTICLE{jones_etal_2017,
       author = {{Jones}, S. and {Andrassy}, R. and {Sandalski}, S. and {Davis}, A. and {Woodward}, P. and {Herwig}, F.},
        title = "{Idealized hydrodynamic simulations of turbulent oxygen-burning shell convection in 4{\ensuremath{\pi}} geometry}",
      journal = {\mnras},
     keywords = {convection, hydrodynamics, turbulence, stars: evolution, stars: interior, stars: massive, Astrophysics - Solar and Stellar Astrophysics},
         year = 2017,
        month = mar,
       volume = {465},
       number = {3},
        pages = {2991-3010},
          doi = {10.1093/mnras/stw2783},
archivePrefix = {arXiv},
       eprint = {1605.03766},
 primaryClass = {astro-ph.SR},
       adsurl = {https://ui.adsabs.harvard.edu/abs/2017MNRAS.465.2991J},
      adsnote = {Provided by the SAO/NASA Astrophysics Data System}
}

@ARTICLE{aurnou_etal_2020,
       author = {{Aurnou}, Jonathan M. and {Horn}, Susanne and {Julien}, Keith},
        title = "{Connections between nonrotating, slowly rotating, and rapidly rotating turbulent convection transport scalings}",
      journal = {\prr},
     keywords = {Physics - Fluid Dynamics, Astrophysics - Earth and Planetary Astrophysics, Astrophysics - Solar and Stellar Astrophysics},
         year = 2020,
        month = oct,
       volume = {2},
       number = {4},
          eid = {043115},
        pages = {043115},
          doi = {10.1103/PhysRevResearch.2.043115},
archivePrefix = {arXiv},
       eprint = {2009.03447},
 primaryClass = {physics.flu-dyn},
       adsurl = {https://ui.adsabs.harvard.edu/abs/2020PhRvR...2d3115A},
      adsnote = {Provided by the SAO/NASA Astrophysics Data System}
}

@ARTICLE{schultz_etal_2022b,
       author = {{Schultz}, William C. and {Tsang}, Benny T.~H. and {Bildsten}, Lars and {Jiang}, Yan-Fei},
        title = "{Synthesizing Spectra from 3D Radiation Hydrodynamic Models of Massive Stars Using Monte Carlo Radiation Transport}",
      journal = { },
     keywords = {Astrophysics - Solar and Stellar Astrophysics, Astrophysics - Earth and Planetary Astrophysics, Astrophysics - Instrumentation and Methods for Astrophysics},
         year = 2022,
        month = sep,
          eid = {arXiv:2209.14772},
        pages = {arXiv:2209.14772},
archivePrefix = {arXiv},
       eprint = {2209.14772},
 primaryClass = {astro-ph.SR},
       adsurl = {https://ui.adsabs.harvard.edu/abs/2022arXiv220914772S},
      adsnote = {Provided by the SAO/NASA Astrophysics Data System}
}

@ARTICLE{glebocki_gnacinski_2005,
       author = {{Glebocki}, R. and {Gnacinski}, P.},
        title = "{VizieR Online Data Catalog: Catalog of Stellar Rotational Velocities (Glebocki+ 2005)}",
      journal = {VizieR},
     keywords = {Rotational velocities, Associations: stellar, Clusters: open, Clusters: globular},
         year = 2005,
        month = mar,
          eid = {III/244},
        pages = {III/244},
       adsurl = {https://ui.adsabs.harvard.edu/abs/2005yCat.3244....0G},
      adsnote = {Provided by the SAO/NASA Astrophysics Data System}
}

@ARTICLE{ramirezagudelo_etal_2013,
       author = {{Ram{\'\i}rez-Agudelo}, O.~H. and {Sim{\'o}n-D{\'\i}az}, S. and {Sana}, H. and {de Koter}, A. and {Sab{\'\i}n-Sanjul{\'\i}an}, C. and {de Mink}, S.~E. and {Dufton}, P.~L. and {Gr{\"a}fener}, G. and {Evans}, C.~J. and {Herrero}, A. and {Langer}, N. and {Lennon}, D.~J. and {Ma{\'\i}z Apell{\'a}niz}, J. and {Markova}, N. and {Najarro}, F. and {Puls}, J. and {Taylor}, W.~D. and {Vink}, J.~S.},
        title = "{The VLT-FLAMES Tarantula Survey. XII. Rotational velocities of the single O-type stars}",
      journal = {\aap},
     keywords = {stars: early-type, stars: rotation, line: profiles, Magellanic Clouds, galaxies: star clusters: individual: 30 Doradus, Astrophysics - Solar and Stellar Astrophysics},
         year = 2013,
        month = dec,
       volume = {560},
          eid = {A29},
        pages = {A29},
          doi = {10.1051/0004-6361/201321986},
archivePrefix = {arXiv},
       eprint = {1309.2929},
 primaryClass = {astro-ph.SR},
       adsurl = {https://ui.adsabs.harvard.edu/abs/2013A&A...560A..29R},
      adsnote = {Provided by the SAO/NASA Astrophysics Data System}
}

@ARTICLE{nielsen_etal_2013,
       author = {{Nielsen}, M.~B. and {Gizon}, L. and {Schunker}, H. and {Karoff}, C.},
        title = "{Rotation periods of 12 000 main-sequence Kepler stars: Dependence on stellar spectral type and comparison with v sin i observations}",
      journal = {\aap},
     keywords = {stars: rotation, starspots, stars: late-type, Astrophysics - Solar and Stellar Astrophysics},
         year = 2013,
        month = sep,
       volume = {557},
          eid = {L10},
        pages = {L10},
          doi = {10.1051/0004-6361/201321912},
archivePrefix = {arXiv},
       eprint = {1305.5721},
 primaryClass = {astro-ph.SR},
       adsurl = {https://ui.adsabs.harvard.edu/abs/2013A&A...557L..10N},
      adsnote = {Provided by the SAO/NASA Astrophysics Data System}
}


@ARTICLE{cantiello_braithwaite_2019,
       author = {{Cantiello}, Matteo and {Braithwaite}, Jonathan},
        title = "{Envelope Convection, Surface Magnetism, and Spots in A and Late B-type Stars}",
      journal = {\apj},
     keywords = {convection, dynamo, stars: flare, stars: magnetic field, starspots, Astrophysics - Solar and Stellar Astrophysics, Astrophysics - High Energy Astrophysical Phenomena},
         year = 2019,
        month = sep,
       volume = {883},
       number = {1},
          eid = {106},
        pages = {106},
          doi = {10.3847/1538-4357/ab3924},
archivePrefix = {arXiv},
       eprint = {1904.02161},
 primaryClass = {astro-ph.SR},
       adsurl = {https://ui.adsabs.harvard.edu/abs/2019ApJ...883..106C},
      adsnote = {Provided by the SAO/NASA Astrophysics Data System}
}

@ARTICLE{edelmann_etal_2021,
       author = {{Edelmann}, P.~V.~F. and {Horst}, L. and {Berberich}, J.~P. and {Andrassy}, R. and {Higl}, J. and {Leidi}, G. and {Klingenberg}, C. and {R{\"o}pke}, F.~K.},
        title = "{Well-balanced treatment of gravity in astrophysical fluid dynamics simulations at low Mach numbers}",
      journal = {\aap},
     keywords = {hydrodynamics, methods: numerical, convection, Astrophysics - Solar and Stellar Astrophysics, Astrophysics - Instrumentation and Methods for Astrophysics, Mathematics - Numerical Analysis, Physics - Fluid Dynamics},
         year = 2021,
        month = aug,
       volume = {652},
          eid = {A53},
        pages = {A53},
          doi = {10.1051/0004-6361/202140653},
archivePrefix = {arXiv},
       eprint = {2102.13111},
 primaryClass = {astro-ph.SR},
       adsurl = {https://ui.adsabs.harvard.edu/abs/2021A&A...652A..53E},
      adsnote = {Provided by the SAO/NASA Astrophysics Data System}
}

@ARTICLE{brown_etal_2012,
       author = {{Brown}, Benjamin P. and {Vasil}, Geoffrey M. and {Zweibel}, Ellen G.},
        title = "{Energy Conservation and Gravity Waves in Sound-proof Treatments of Stellar Interiors. Part I. Anelastic Approximations}",
      journal = {\apj},
     keywords = {stars: interiors, Sun: interior, Astrophysics - Solar and Stellar Astrophysics, Physics - Fluid Dynamics},
         year = 2012,
        month = sep,
       volume = {756},
       number = {2},
          eid = {109},
        pages = {109},
          doi = {10.1088/0004-637X/756/2/109},
archivePrefix = {arXiv},
       eprint = {1207.2804},
 primaryClass = {astro-ph.SR},
       adsurl = {https://ui.adsabs.harvard.edu/abs/2012ApJ...756..109B},
      adsnote = {Provided by the SAO/NASA Astrophysics Data System}
}

@ARTICLE{anders_etal_2020,
       author = {{Anders}, Evan H. and {Vasil}, Geoffrey M. and {Brown}, Benjamin P. and {Korre}, Lydia},
        title = "{Convective dynamics with mixed temperature boundary conditions: Why thermal relaxation matters and how to accelerate it}",
      journal = {\prf},
     keywords = {Physics - Fluid Dynamics, Astrophysics - Solar and Stellar Astrophysics},
         year = 2020,
        month = aug,
       volume = {5},
       number = {8},
          eid = {083501},
        pages = {083501},
          doi = {10.1103/PhysRevFluids.5.083501},
archivePrefix = {arXiv},
       eprint = {2003.00026},
 primaryClass = {physics.flu-dyn},
       adsurl = {https://ui.adsabs.harvard.edu/abs/2020PhRvF...5h3501A},
      adsnote = {Provided by the SAO/NASA Astrophysics Data System}
}



@misc{stem_laborforce_2021,
  author       = "National Science Board, NSF",
  title        = "The STEM Labor Force of Today: Scientists, Engineers and Skilled Technical Workers. Science and Engineering Indicators 2022.",
  howpublished = "online",
  year         = "2021",
  note         = "\texttt{https://ncses.nsf.gov/pubs/nsb20212}"
}


@article{saw_2020,
author = {Guan K. Saw},
title ={Leveraging Social Capital to Broaden Participation in STEM},
journal = {Policy Insights from the Behavioral and Brain Sciences},
volume = {7},
number = {1},
pages = {35-43},
year = {2020},
doi = {10.1177/2372732219895997},

URL = { 
        https://doi.org/10.1177/2372732219895997
    
},
eprint = { 
        https://doi.org/10.1177/2372732219895997
    
}
,
    abstract = { Broadening participation in science, technology, engineering, and mathematics (STEM) is critical to the nation’s economic growth and national security. In K–12 and higher education, researchers and educators increasingly employ the concept of social capital to develop programs for improving STEM learning, motivation, and participation of young students. STEM social capital in education comprises STEM-oriented resources—whether instrumental, informational, or emotional—that students access through their social networks. Major theoretical perspectives, research evidence, and promising practices are associated with the concepts of social capital in STEM education. Students’ social capital in STEM education (derived from families, peers, teachers, and professional networks) demonstrably promotes their STEM educational outcomes and career paths. Inclusive STEM schools, mentoring, and after-school programs are some promising approaches that can enhance STEM social capital and outcomes of underrepresented students, particularly women, Blacks/Hispanics/Native Americans, youth with low socioeconomic status, and persons with disabilities. }
}

@article{simon_taylor_2008,
  title={What is the Value of Course-Specific Learning Goals?.},
  author={Beth Simon and Jared L. Taylor},
  journal={The journal of college science teaching},
  year={2008},
  volume={39},
  pages={52-57}
}

@misc{inquiry,
  author       = "Anne Metevier and Lisa Hunter and Scott Seagroves and Barry Kluger-Bell and Nicholas McConnell and Rafael Palomino",
  title        = "ISEE’s Inquiry Framework",
  howpublished = "online",
  month        = "04",
  year         = "2022",
  note         = "\texttt{https://escholarship.org/uc/item/9q09z7j5}",
}
Seagroves, Scott;Palomino, Rafael;McConnell, Nicholas;Metevier, Anne;Barnes, Austin;Quan, Tiffany;Hunter, Lisa

@misc{isee_edi,
  author       = "Scott Seagroves and Rafael Palomino and Nicholas McConnell and Anne Metevier and Austin Barnes and Tiffany Quan and Lisa Hunter ",
  title        = "ISEE’s Equity \& Inclusion Theme",
  howpublished = "online",
  month        = "04",
  year         = "2022",
  note         = "\texttt{https://escholarship.org/uc/item/8cz4r718}",
}

@article{freeman_etal_2014,
author = {Scott Freeman  and Sarah L. Eddy  and Miles McDonough  and Michelle K. Smith  and Nnadozie Okoroafor  and Hannah Jordt  and Mary Pat Wenderoth },
title = {Active learning increases student performance in science, engineering, and mathematics},
journal = {Proceedings of the National Academy of Sciences},
volume = {111},
number = {23},
pages = {8410-8415},
year = {2014},
doi = {10.1073/pnas.1319030111},
URL = {https://www.pnas.org/doi/abs/10.1073/pnas.1319030111},
eprint = {https://www.pnas.org/doi/pdf/10.1073/pnas.1319030111},
abstract = {To test the hypothesis that lecturing maximizes learning and course performance, we metaanalyzed 225 studies that reported data on examination scores or failure rates when comparing student performance in undergraduate science, technology, engineering, and mathematics (STEM) courses under traditional lecturing versus active learning. The effect sizes indicate that on average, student performance on examinations and concept inventories increased by 0.47 SDs under active learning (n = 158 studies), and that the odds ratio for failing was 1.95 under traditional lecturing (n = 67 studies). These results indicate that average examination scores improved by about 6\% in active learning sections, and that students in classes with traditional lecturing were 1.5 times more likely to fail than were students in classes with active learning. Heterogeneity analyses indicated that both results hold across the STEM disciplines, that active learning increases scores on concept inventories more than on course examinations, and that active learning appears effective across all class sizes—although the greatest effects are in small (n ≤ 50) classes. Trim and fill analyses and fail-safe n calculations suggest that the results are not due to publication bias. The results also appear robust to variation in the methodological rigor of the included studies, based on the quality of controls over student quality and instructor identity. This is the largest and most comprehensive metaanalysis of undergraduate STEM education published to date. The results raise questions about the continued use of traditional lecturing as a control in research studies, and support active learning as the preferred, empirically validated teaching practice in regular classrooms.}}

@ARTICLE{castro_etal_2014,
       author = {{Castro}, N. and {Fossati}, L. and {Langer}, N. and {Sim{\'o}n-D{\'\i}az}, S. and {Schneider}, F.~R.~N. and {Izzard}, R.~G.},
        title = "{The spectroscopic Hertzsprung-Russell diagram of Galactic massive stars}",
      journal = {\aap},
     keywords = {stars: evolution, Hertzsprung-Russell and C-M diagrams, stars: massive, Astrophysics - Solar and Stellar Astrophysics},
         year = 2014,
        month = oct,
       volume = {570},
          eid = {L13},
        pages = {L13},
          doi = {10.1051/0004-6361/201425028},
archivePrefix = {arXiv},
       eprint = {1410.3499},
 primaryClass = {astro-ph.SR},
       adsurl = {https://ui.adsabs.harvard.edu/abs/2014A&A...570L..13C},
      adsnote = {Provided by the SAO/NASA Astrophysics Data System}
}



@ARTICLE{martinet_etal_2021,
       author = {{Martinet}, S. and {Meynet}, G. and {Ekstr{\"o}m}, S. and {Sim{\'o}n-D{\'\i}az}, S. and {Holgado}, G. and {Castro}, N. and {Georgy}, C. and {Eggenberger}, P. and {Buldgen}, G. and {Salmon}, S. and {Hirschi}, R. and {Groh}, J. and {Farrell}, E. and {Murphy}, L.},
        title = "{Convective core sizes in rotating massive stars. I. Constraints from solar metallicity OB field stars}",
      journal = {\aap},
     keywords = {stars: evolution, stars: rotation, stars: massive, stars: fundamental parameters, stars: interiors, stars: statistics, Astrophysics - Solar and Stellar Astrophysics},
         year = 2021,
        month = apr,
       volume = {648},
          eid = {A126},
        pages = {A126},
          doi = {10.1051/0004-6361/202039426},
archivePrefix = {arXiv},
       eprint = {2103.03672},
 primaryClass = {astro-ph.SR},
       adsurl = {https://ui.adsabs.harvard.edu/abs/2021A&A...648A.126M},
      adsnote = {Provided by the SAO/NASA Astrophysics Data System}
}
